2984 5022
219 320 293 386 sss
531 303 588 378 m.
625 298 833 378 ANNAEI
867 262 1084 378 Lucam

246 527 309 590 370
333 520 397 588 Sed
412 519 493 586 duce
509 518 664 606 Pompeio
681 518 798 606 Libyes
812 517 951 584 melioria
964 519 999 584 iu
1013 519 1078 586 oris

333 625 468 692 Mansit.
495 635 530 690 at
543 624 710 709 impatiens
722 625 822 688 virtus
836 622 960 688 baerere
974 623 1107 690 Catonis

331 731 441 799 Audet
454 731 488 794 iu
498 731 624 820 ignotas
638 751 753 818 agmen
767 729 965 794 committere
978 740 1099 818 gentes,

332 819 508 904 Annorum
522 835 635 912 fidens,
651 847 683 899 et
697 847 783 900 terra
796 835 926 923 cingere
941 834 1072 921 Syrtim.

335 943 422 1009 Haec
435 941 547 1008 eadem
561 939 713 1005 suadebat
726 939 847 1024 hyems,
860 961 934 1025 qum
944 939 1100 1005 clauserat
1113 961 1233 1028 sequor.

245 1051 309 1115 375
333 1049 378 1116 Et
392 1070 462 1134 spes
475 1046 578 1110 imber
592 1055 672 1122 erat,
687 1043 801 1108 nimios
817 1043 1029 1109 metuentibus
1042 1045 1149 1132 ignes:

333 1154 381 1219 Ut
394 1173 497 1238 neque
511 1149 684 1226 eclesiam,
701 1169 760 1212 nac
775 1147 857 1213 duro
871 1147 991 1237 frigore
1005 1171 1132 1229 saevam,

328 1256 410 1323 Inde
424 1255 501 1343 polo
515 1254 642 1341 Libyes,
660 1253 736 1318 binc
750 1253 864 1318 bruma
877 1265 1034 1340 temperet
1047 1277 1165 1322 annus:

333 1363 441 1449 Atque
456 1363 653 1449 ingressurus
668 1359 799 1436 steriles,
815 1359 862 1424 sic
878 1357 974 1438 fatur,
990 1381 1110 1426 arenas.

380 1474 413 1541 0
427 1473 542 1561 quibus
556 1493 621 1537 una
634 1470 717 1538 salus
731 1471 849 1558 placuit
862 1492 935 1537 mea
948 1484 1051 1538 castra
1064 1473 1177 1538 secutis

249 1589 314 1647 380
337 1581 499 1647 Indomita
513 1583 634 1646 cervice
650 1582 741 1659 mori,
772 1582 955 1667 componite
968 1595 1090 1649 mentes

338 1687 392 1754 Ad
407 1709 559 1776 magnum
576 1686 700 1752 virtutis
714 1707 804 1772 opus,
820 1707 1024 1774 summosque
1036 1687 1167 1753 labores.

248 1837 253 1844 .
337 1791 492 1857 Vadimus
508 1793 542 1856 iu
557 1813 686 1877 campos
702 1790 833 1869 steriles,
849 1803 1022 1878 exustaque
1037 1790 1162 1872 muudi,

337 1897 413 1974 Qua
427 1897 543 1960 nimius
559 1895 669 1974 Titan,
683 1907 716 1960 et
730 1915 811 1960 rarae
825 1897 860 1960 in
875 1895 1014 1962 fontibus
1028 1897 1135 1976 undoe,

234 2085 237 2092 Δ
336 2003 489 2089 Siccaque
502 1999 631 2066 letiferis
646 2000 790 2087 squalent
806 2002 1005 2088 serpentibus
1018 2021 1107 2082 arva,

251 2113 315 2173 385
338 2107 468 2173 Durum
483 2107 552 2172 iter.
583 2103 625 2170 ad
640 2105 734 2194 leges,
750 2107 928 2194 patriasque
943 2107 1064 2173 ruentis
1078 2129 1221 2174 amorem

338 2212 402 2278 Per
415 2211 553 2277 mediam
569 2211 694 2298 Libyen
709 2212 849 2290 veniant,
862 2225 957 2299 atque
970 2213 1056 2278 invia
1069 2223 1203 2291 tentent,

342 2319 376 2386 Si
393 2318 507 2407 quibus
521 2317 556 2382 iu
570 2315 661 2381 nullo
676 2317 815 2402 positum
831 2330 877 2384 est
892 2317 1025 2384 evadere
1039 2330 1124 2398 voto,

341 2425 376 2492 Si
391 2424 505 2512 quibus
519 2423 566 2488 ire
581 2434 629 2488 sat
643 2434 699 2487 est.
730 2445 833 2510 neque
848 2424 934 2488 enim
945 2423 1025 2488 mihi
1040 2423 1148 2488 fallere
1162 2444 1349 2511 quenquam

342 2530 402 2594 Est
415 2530 551 2606 animus,
567 2539 713 2614 tectoque
727 2538 815 2592 metu
830 2527 1005 2614 perducere
1018 2528 1139 2618 vulgus.

250 2644 314 2701 390
338 2634 387 2700 Hi
401 2634 479 2698 mihi
495 2634 557 2698 sint
572 2633 808 2720 comites,'quos
822 2633 891 2719 ipsa
905 2635 1045 2720 pericula
1068 2636 1195 2712 ducent,

341 2744 408 2820 Qui
421 2765 474 2808 me
488 2755 577 2821 teste,
592 2741 669 2828 pati,
684 2741 734 2807 vel
749 2762 822 2828 quae
837 2743 1023 2821 tristissima,
1042 2741 1213 2831 pulchrum

301 2881 304 2888 ·
339 2850 586 2934 Romanumque
600 2858 725 2932 putant.
763 2847 865 2934 atqui
881 2869 1033 2934 sponsore
1046 2833 1155 2913 sallitis

227 2980 231 2992 ¹
341 2952 441 3018 Miles
452 2963 535 3040 eget,
554 2940 742 3036 capiturque
758 2951 874 3015 animae
891 2947 1067 3030 dulcedine,
1083 2951 1179 3018 vadat

340 3065 397 3131 Ad
411 3063 577 3129 dominum
592 3059 725 3126 ‘meliore
740 3062 800 3126 via.
828 3062 906 3128 dum
920 3061 1043 3149 primus
1058 3083 1172 3128 arenas

198 3257 202 3264 ι
254 3179 317 3237 395
342 3167 523 3258 Ingrediar,
539 3167 724 3254 primusque
739 3167 857 3256 gradus
873 3169 907 3232 in
920 3168 1052 3254 pulvere
1069 3187 1201 3254 ponam,

338 3279 399 3345 Me
412 3277 497 3342 calor
511 3276 666 3341 aethereus
680 3274 780 3354 feriat,
795 3276 874 3344 mibi
889 3275 984 3364 plena
997 3295 1120 3343 veneno

305 3402 310 3414 ’
342 3384 503 3450 Occurrat
519 3405 665 3470 serpens3
695 3381 823 3468 fatoque
837 3383 977 3469 pericula
990 3393 1093 3447 vestra

342 3491 536 3556 Praetentate
549 3511 635 3554 meo:
660 3487 752 3566 sitiat,
769 3488 949 3575 quicunque
962 3489 1134 3566 bibentem,

340 3595 479 3660 Viderit:
503 3606 557 3660 aut
572 3593 884 3659 umbrasuemorum
902 3595 1081 3680 quicunque
1096 3600 1270 3679 petentem,

253 3709 318 3766 400
342 3699 482 3766 AEstuet:
507 3709 563 3764 aut
579 3699 717 3786 equitem
732 3696 877 3782 peditum
893 3698 1072 3784 praecedere
1085 3708 1217 3774 turmas,

343 3805 495 3883 Deficiat3
520 3805 625 3892 siquo
638 3803 733 3868 fuerit
749 3801 931 3870 discrimine
944 3816 1058 3870 notum
1079 3845 1083 3854 ·

253 4009 420 4048 —ventcss
433 4005 575 4046 ructantem
582 3999 782 4042 murmuraccnclra.
927 4009 958 4056 Ur
981 4008 1059 4054 deceat
1070 4003 1169 4069 fugisse
1190 3997 1271 4063 virsa]
1302 3996 1387 4045 Immo

232 4087 363 4138 Murmura
373 4087 443 4142 tube,
456 4088 558 4142 caracle,
570 4080 665 4145 passim.
827 4088 917 4142 Turba,
934 4093 963 4133 ut
980 4083 1073 4133 codices
1094 4078 1207 4144 plurimi:
1222 4085 1248 4125 et
1258 4079 1341 4133 Pater,
1361 4083 1387 4123 ut

262 4169 321 4214 586.
346 4169 395 4215 Per
419 4168 520 4234 mediam
555 4165 648 4226 Libyen
677 4156 792 4223 cantant]
824 4163 968 4218 Bersmanqi
982 4155 1284 4220 codemetdcademicus,

231 4243 381 4295 Concinuius
394 4243 470 4291 codex
486 4240 637 4292 Bersmauni.
658 4241 706 4288 Per
717 4237 790 4286 medi·
849 4277 1037 4330 sommum
1048 4274 1220 4323 mmmm
1228 4269 1348 4315 mm,

227 4345 265 4376 cm
282 4325 381 4375 veniant
392 4325 492 4388 Libyen.
847 4342 875 4382 Ut
883 4343 954 4382 deceat
960 4340 1037 4390 mm
1044 4340 1106 4378 m.

264 4407 320 4455 405.
331 4403 556 4539 Scssqpocgqhmdyc
572 4401 667 4450 turbam
676 4403 810 4527 praestare⁵
858 4450 914 4498 415.
930 4471 996 4488 .-
1013 4446 1047 4496 El
1058 4445 1139 4493 unm
1147 4439 1219 4506 Μ,
