2924 4986
373 275 742 356 rnnnsnnnn
783 276 894 376 urs.
931 275 1021 356 vu.
1195 291 1268 358 sss

236 498 311 563 Non
321 493 389 581 jam
404 492 550 578 Pompeii
565 513 682 556 nomen
697 491 852 577 populare
867 512 924 577 per
939 490 1061 572 orbem,

147 611 214 672 695
238 601 308 667 Nec
322 599 461 692 studium
476 597 564 662 belli:
589 597 644 662 sed
659 619 728 684 par,
745 596 830 683 quod
847 619 970 683 semper
984 597 1150 676 habemus

238 711 393 788 Libertas,
409 719 441 773 et
457 707 566 772 Caessr
579 718 690 772 erunt:
714 718 809 792 teque
822 706 898 772 inde
912 705 1022 794 fugato

239 813 396 880 Ostendet
406 811 554 889 moriens,
570 810 629 876 sibi
645 833 678 875 se
692 832 859 898 pugnasse,
877 811 1021 876 Senatus.

283 918 401 982 Nonne
411 917 502 1002 juvat
516 915 641 1002 pulsum
655 915 743 980 bellis
759 917 893 993 cessisse,
910 937 969 980 nec
983 916 1068 981 istud

241 1024 447 1108 Prospectare
462 1021 557 1099 nefas,
574 1022 766 1107 spumanteis
781 1021 869 1086 crede
889 1019 1055 1086 catervas?

153 1133 218 1194 700
243 1127 377 1211 Respice
392 1126 535 1190 turbatos
549 1126 678 1192 incursu
693 1125 853 1213 sanguinis
868 1147 988 1205 amnes,

242 1231 286 1297 Et
300 1232 400 1296 soceri
415 1231 562 1296 miserere
577 1232 634 1296 tui.
656 1253 721 1317 quo
735 1241 864 1315 pectore
881 1231 1019 1295 Romam

241 1336 380 1402 Intrabit
394 1334 494 1401 factus
509 1338 629 1422 campis
643 1334 764 1400 felicior
778 1333 869 1400 istis?

240 1440 403 1528 Quicquid
419 1441 452 1504 in
466 1441 583 1529 ignotis
599 1440 682 1504 solus
697 1440 879 1528 regionibus
894 1441 981 1521 exul,

243 1545 405 1633 Quicquid
421 1545 480 1610 sub
496 1545 618 1610 Phario
630 1547 750 1631 positus
765 1547 884 1631 patiere
899 1559 1056 1634 tyrannm

155 1658 219 1721 705
245 1653 349 1718 Crede
364 1652 455 1730 Deis,
472 1651 568 1740 longo
583 1652 721 1719 fatorum
736 1652 830 1716 crede
844 1651 955 1717 favori.

245 1758 381 1822 Vincere
396 1758 484 1842 pejus
500 1770 577 1822 erat.
599 1756 736 1844 prohibe
752 1756 889 1822 lamenta
903 1745 1026 1836 sonare,

246 1863 339 1928 Flere
355 1875 426 1927 veta
440 1861 595 1947 populos:
618 1861 783 1950 lacrymas,
799 1861 965 1950 luctusque
979 1863 1113 1930 remitte.

245 1967 330 2032 Tam
345 1967 427 2031 mala
443 1967 598 2052 Pompeii,
614 1990 710 2053 quam
724 1989 878 2053 prospera
891 1969 1030 2034 mundus
1044 1969 1165 2034 adoret.

246 2073 364 2157 Aspice
379 2093 505 2136 securus
521 2072 609 2136 vultu
624 2093 690 2136 non
706 2072 847 2156 supplice
862 2095 970 2161 reges:

121 2213 123 2218 ·
159 2181 224 2243 710
248 2177 365 2262 Aspice
380 2197 534 2260 possessas
549 2175 653 2252 urbes,
669 2175 849 2261 donataque
863 2198 972 2264 regna,

247 2281 437 2369 AEgyptum,
455 2279 665 2367 Libyamque,
682 2292 714 2344 et
729 2293 827 2345 terras
843 2280 923 2368 elige
938 2284 1043 2346 morti.

292 2385 382 2451 Vidit
396 2385 500 2471 prima
514 2398 578 2452 tuae
593 2386 678 2450 testis
695 2385 822 2450 Larissa
835 2387 937 2450 ruinae

248 2491 376 2570 Nobile,
393 2515 451 2556 nec
466 2493 585 2557 victum
599 2491 670 2557 fatis
685 2505 799 2577 caput:
823 2491 970 2558 omnibus
985 2492 1037 2558 illa
1095 2553 1099 2564 ,

249 2598 380 2662 Civibus
396 2596 506 2662 effudit
522 2611 603 2664 totas
617 2617 677 2684 per
692 2597 811 2686 misnia
826 2598 905 2662 vires

161 2706 224 2768 715
249 2700 355 2767 Obvia
369 2723 425 2765 ceu
442 2701 533 2765 lueto:
557 2703 758 2788 praemittunt
773 2723 906 2766 munera
919 2702 1048 2770 flentes:

250 2807 403 2874 Pandunt
416 2806 542 2892 templa,
556 2808 685 2872 domos:
709 2808 809 2873 socios
824 2831 857 2873 se
871 2807 1013 2903 cladibus
1027 2821 1150 2898 optant.

252 2914 378 2981 Scilicet
392 2912 547 2978 immenso
562 2927 704 3000 superest
718 2937 757 2980 ex
772 2914 902 2981 nomine
916 2915 1061 2996 meritum,

252 3020 365 3106 Teque
380 3019 485 3082 minor
500 3021 584 3085 solo:
609 3033 738 3104 cunctus
752 3003 914 3107 impellere
928 3036 1038 3110 gentes

252 3125 375 3189 Rursus
389 3125 424 3188 in
439 3146 528 3188 arma
542 3138 643 3210 potes,
660 3149 829 3213 rursusque
844 3127 877 3190 in
891 3127 957 3192 fata
971 3127 1083 3192 redire.

164 3236 229 3297 720
254 3230 317 3296 Sed
332 3230 409 3317 quid
425 3253 505 3316 opus
520 3230 604 3294 victo
619 3231 756 3316 populis,
773 3245 828 3296 aut
842 3231 983 3311 urbibus,
1000 3233 1125 3321 inquit?

253 3335 377 3401 Victori
393 3348 540 3422 praestate
554 3335 661 3401 fidem.
708 3335 771 3412 Tu,
790 3335 908 3414 Caesar,
925 3337 957 3399 in
974 3338 1039 3402 alto

255 3441 361 3508 Caedis
376 3443 481 3507 adhuc
496 3442 623 3530 cumulo
637 3442 749 3528 patriae
764 3462 822 3526 per
836 3439 954 3504 viscera
969 3442 1075 3507 vadis:

254 3547 300 3611 At
315 3546 372 3611 tibi
381 3549 449 3633 jam
465 3548 599 3633 populos
615 3547 714 3612 donat
727 3533 834 3634 gener.
857 3545 962 3611 avehit
977 3547 1053 3612 inde
1202 3625 1206 3634 .

256 3651 446 3737 Pompeium
462 3655 605 3738 sonipes:
636 3647 782 3743 g'emituS,
798 3651 1009 3739 lacrymaeque
1023 3667 1213 3740 sequuntur:

168 3757 232 3821 725
259 3756 461 3842 Plurimaque
471 3759 505 3820 in
517 3781 615 3823 suevos
629 3758 740 3844 populi
755 3757 897 3822 convicia
911 3755 1011 3822 divos

258 3862 354 3928 Nunc
368 3861 428 3926 tibi
442 3885 516 3928 vera
530 3862 609 3928 fides
621 3865 756 3952 quaesiti,
774 3863 907 3952 Magne,
924 3861 1039 3930 favoris

147 4077 203 4114 rum
213 4061 281 4111 favor
289 4063 362 4112 fldem
370 4065 413 4113 tibi
421 4065 499 4126 facist,
509 4066 626 4122 &dnobus
633 4067 705 4117 malis
770 4068 826 4116 715.
836 4067 991 4115 Praemr‘ttunt
997 4069 1212 4139 muacrastentese]
1223 4074 1293 4131 Quo.

147 4142 173 4192 id
181 4142 225 4190 tibi
236 4145 348 4200 evenisse,
360 4145 424 4208 quod
434 4157 484 4196 erat
494 4154 582 4205 minus,
618 4149 705 4199 Minus
737 4144 811 4194 modo
818 4148 976 4208 promittunt,
988 4149 1030 4211 qui
1037 4147 1082 4210 ipsi
1089 4151 1178 4200 obvim
1185 4154 1293 4205 veniunt.

79 4285 84 4290 Ι
149 4223 245 4271 malum
256 4234 291 4272 est
302 4225 364 4272 bello
375 4225 438 4274 civili
449 4229 512 4287 vinci
536 4233 704 4296 „amvinccra
741 4221 842 4272 Codices
850 4223 900 4271 fere
908 4238 991 4272 omnes
1001 4228 1155 4278 Promittant.
1185 4231 1294 4294 Repoue,

149 4301 424 4434 Viiffefflicim
433 4314 454 4353 te
461 4309 576 4390 fecissent
587 4312 641 4370 Dii,
648 4323 708 4376 quos
787 4313 984 4358 Puoumurtr
994 4318 1110 4362 NOMINA
1124 4321 1203 4362 flentes.

149 4387 195 4425 ur
253 4395 290 4429 ev
322 4395 336 4431 ο

152 4455 209 4504 flu„
364 4382 605 4493 mimenondffl
643 4390 705 4440 ω’
742 4403 1210 4472 Hoeaetnromittuntssutltauma
1233 4412 1297 4464 Nos·

743 4484 806 4536 teri.
823 4491 879 4540 388.
