2924 4986
264 331 265 339 ‘
332 293 704 410 rnau'satrm
745 333 856 413 nm.
895 337 990 416 vn.
1174 343 1258 426 333,

220 551 296 618 Non
311 552 384 617 istas
397 551 510 617 habuit
523 571 641 640 pugnae
656 549 819 618 Pharsalia
831 554 959 640 parteis,

221 659 311 734 Quas
325 657 395 722 aliae
411 656 527 723 clades:
550 657 614 722 illic
627 657 763 752 perlata
777 660 931 738 virorum,

221 761 284 828 Per
298 761 431 850 populos
445 761 499 827 hic
516 763 621 829 Roma
634 764 733 848 perit:
757 764 844 852 quod
857 765 965 832 militis
978 763 1054 844 illic,

137 871 200 931 635
223 867 317 934 Mors
327 867 380 934 hic
394 867 497 956 gentis
510 879 597 934 erat:
621 870 748 958 sanguis
762 871 807 934 ibi
820 869 914 935 fluxit
929 869 1077 949 Achaeus,

226 973 388 1051 Ponticus,
405 973 571 1060 Assyrius:
594 987 724 1042 cunctos
739 975 860 1040 haerere
875 998 1001 1042 cruores

227 1078 405 1158 Romanus,
422 1080 604 1166 campisque
618 1091 703 1146 vetat
717 1081 886 1145 consistere
901 1094 1043 1146 torrens:

227 1181 335 1268 Majus
349 1183 391 1249 ab
405 1183 467 1249 hac
480 1184 559 1264 acie,
575 1207 671 1272 quarn
686 1184 773 1270 quod
784 1209 841 1248 sua
854 1185 958 1250 secula
971 1184 1090 1250 ferrent

226 1289 351 1354 Vulnus
364 1289 484 1355 habent
498 1289 628 1376 populis
650 1288 721 1374 plus
736 1301 782 1352 est
796 1311 892 1375 quam
902 1291 981 1368 vita,
997 1289 1149 1377 salusque,

142 1399 206 1457 640
229 1393 328 1470 Quod
339 1394 440 1479 perit:
461 1395 496 1457 in
511 1407 613 1458 totum
628 1393 740 1458 mundi
755 1395 984 1479 prosternimur
998 1416 1112 1460 aevum.

226 1497 376 1561 Vincitur
391 1495 440 1560 his
453 1496 566 1596 gladiis
579 1497 693 1576 omnis,
710 1519 782 1584 quae
796 1498 918 1578 serviet,
934 1509 1020 1564 atas.

227 1601 382 1668 Proxima
395 1602 474 1688 quid
490 1602 623 1682 soboles,
637 1615 693 1668 aut
706 1603 786 1690 quid
796 1626 939 1669 meruere
953 1609 1085 1692 nepotes

227 1707 267 1772 In
283 1729 416 1795 regnum
431 1705 542 1772 nasei?
564 1697 679 1794 paride
693 1729 771 1772 num
785 1709 936 1798 gessimus
951 1707 1066 1776 arma?

230 1812 385 1878 Teximus
398 1826 456 1878 aut
464 1810 621 1902 jugulos?
642 1812 735 1880 alieni
750 1836 846 1901 poena
860 1815 984 1882 timoris

144 1902 219 1982 tts'
230 1917 272 1986 In
286 1927 394 1984 nostra
408 1920 529 1984 cervice
543 1919 639 1985 sedet.
669 1933 742 2005 post
754 1921 866 2007 praelia
879 1922 962 1987 natis
1004 1934 1006 1937 ’

157 2091 159 2096 ,
231 2023 267 2089 Si
281 2022 457 2102 dominum,
475 2024 631 2102 Fortuna,
647 2023 756 2104 dabas,
773 2039 805 2090 et
819 2025 901 2090 bella
915 2026 1063 2092 dedisses.

229 2128 304 2194 Jam
320 2127 462 2214 Magnus
477 2129 624 2192 transisse
640 2128 738 2206 Deos,
757 2129 966 2217 Romanaque
980 2130 1045 2196 fata

232 2233 381 2298 Senserat
395 2230 525 2297 infelix:
549 2243 615 2299 tota
632 2232 684 2295 vix
699 2232 789 2298 clade
804 2246 930 2300 coactus

234 2336 410 2403 Fortunam
425 2336 577 2402 damnare
591 2359 690 2416 suam,
706 2338 792 2404 stetit
802 2363 918 2428 aggere
933 2343 1037 2429 campi

145 2446 207 2506 650
230 2441 479 2536 Eminuaunde
493 2442 614 2508 omneis
629 2465 751 2530 sparsas
765 2465 823 2530 per
838 2444 1082 2516 Thessalorum

233 2547 400 2635 Aspiceret
415 2547 531 2627 clades,
546 2571 619 2636 quae
633 2547 715 2615 bello
729 2551 874 2616 obstante
888 2550 1038 2618 latebant.

236 2651 303 2719 Tot
317 2652 387 2718 telis
401 2676 458 2718 sua
472 2653 626 2739 lampati,
641 2665 691 2720 tot
705 2678 841 2742 corpora
855 2655 933 2736 fusa,

235 2758 288 2824 Ac
303 2781 335 2822 se
348 2769 414 2822 tam
428 2756 530 2822 miilto
545 2772 732 2843 pereuntem
747 2763 900 2850 sanguine
916 2761 1006 2828 vidit.

235 2862 319 2942 Nee,
335 2863 416 2928 sicut
429 2884 499 2926 mos
514 2874 561 2927 est
574 2863 705 2944 miseris,
721 2865 848 2934 trahere
861 2868 971 2932 omnia
988 2873 1094 2934 secum

147 2972 212 3032 655
237 2967 346 3034 Mersa
356 2967 458 3052 juvat,
474 2979 646 3056 gentesque
661 2992 727 3034 suae
741 2972 873 3038 miscere
887 2973 1008 3038 ruinae:

238 3073 287 3140 Ut
302 3072 405 3140 Latiae
419 3084 492 3158 post
506 3095 539 3137 se
553 3074 638 3139 vivat
650 3097 724 3160 pars
738 3078 879 3144 maxima
893 3077 1009 3156 turbe,

241 3180 397 3247 Sustinuit
411 3179 525 3267 dignos
541 3179 636 3244 etiarn
650 3202 737 3245 nunc
751 3182 881 3248 credere
895 3184 977 3250 votis

241 3286 419 3364 Coelicolas,
435 3283 596 3370 voluitque
612 3285 660 3348 sni
675 3285 786 3372 solatia
800 3309 908 3354 casus:

241 3391 377 3469 Parcite,
393 3391 448 3469 ait,
466 3389 590 3476 Superi,
606 3402 735 3455 cunctas
749 3404 949 3478 prosternere
962 3405 1091 3484 gentes:

148 3505 217 3588 669
242 3497 354 3564 Stante
367 3507 472 3583 potest
487 3494 618 3574 mundo,
637 3496 805 3586 Romaque
819 3500 995 3584 superstite,
1012 3497 1158 3589 Magnus

135 3656 138 3661 .
243 3601 321 3666 Esse
335 3599 439 3668 miser.
460 3600 487 3664 si
501 3600 595 3686 plura
604 3601 718 3687 juvant
733 3623 804 3671 mea
818 3603 961 3686 vulnera,
983 3606 1103 3693 conjux
1128 3595 1130 3600 ’

154 3789 639 3866 memudvmmauaaauuauam
728 3803 800 3856 ovid.
816 3805 920 3856 Meum.
937 3805 988 3854 xii‘a
1003 3807 1061 3855 eet.

156 3877 270 3928 Expulerit
281 3875 458 3918 ‘mmm'
750 3883 1241 3974 Necvplueremaumtnflxumedncsreleluma
1308 3886 1354 3949 <ti

132 3979 256 4042 Hoeest3
273 3979 402 4045 sanguine.
435 3975 508 4026 Orid.
524 3975 693 4028 Matutam.
751 3973 957 4032 effeminentur.

161 4091 695 4146 Alteramrjvsrlwrneunirtenmuasaalmts
761 4090 818 4136 625.
833 4108 900 4123 —
922 4081 1130 4144 antummum

159 4154 402 4207 mmmm
830 4157 1025 4224 transmittant]
1059 4157 1135 4208 MSS

139 4257 234 4308 Seneca
245 4257 343 4320 OEdipO,
362 4261 432 4306 1040.
777 4275 1131 4328 -qfflmooefflg

163 4377 225 4418 lacet
232 4378 422 4428 peremtarrulnerl
780 4341 922 4383 mmm

171 4436 302 4490 Emmaus
428 4379 550 4470 1111111111
558 4396 650 4453 „aaut
741 4431 846 4491 erotus

308 4439 609 4551 WQMW
