2984 5022
202 327 279 392 sss
488 281 551 391 u.
598 313 807 393 suuni
848 275 1077 410 nunaut

311 527 497 596 Ambitione
507 525 610 606 furor,
616 527 729 624 bcivilia
741 527 824 596 bella
836 531 958 620 gerenti

125 701 135 711 ,
256 712 263 718 ,
299 632 442 722 ¹Divitias
456 634 579 719 aperire
592 657 674 713 suas,
685 635 854 700 incendere
867 647 1007 702 mentem

311 738 460 824 Hospitis
473 740 595 806 armati.
618 761 684 806 non
700 742 740 805 sit
750 741 823 806 lieet
836 741 890 806 ille
903 742 1042 808 nefando

225 849 287 908 150
310 843 419 910 Marte
432 856 561 931 paratus
575 867 651 931 opes
666 846 777 911 mundi
791 847 938 933 quaesisse
948 848 1062 914 ruina:

311 950 402 1016 Pone
422 950 517 1016 duces
530 951 660 1036 priscos,
684 965 716 1016 et
729 953 859 1018 nomios
872 953 1020 1040 pauperis
1035 951 1094 1018 sevi

310 1055 482 1134 Fabricios,
507 1055 683 1144 Curiosque
696 1081 826 1145 graves:
848 1058 902 1124 hic
916 1059 966 1126 ille
980 1059 1143 1128 recumbat

239 1163 242 1178 ’
307 1161 462 1228 Sordidus
478 1161 645 1228 Hetruscis
659 1163 812 1229 abductus
828 1164 949 1230 Consul
963 1166 1085 1244 aratris,

309 1267 444 1352 Optabit
457 1268 569 1355 patriae
583 1269 679 1334 talem
695 1269 821 1334 duxise
834 1270 1045 1356 triumphum.

224 1378 284 1438 155
352 1371 502 1438 Infudere
517 1373 625 1460 epulas
640 1397 729 1452 auro,
752 1375 840 1461 quod
853 1387 947 1454 terra,
972 1376 1060 1463 quod
1072 1385 1137 1454 eir,

310 1477 407 1554 Quod
421 1478 564 1567 pelagus,
584 1480 740 1567 Nilusque
754 1479 852 1559 dedit,
869 1482 956 1568 quod
970 1481 1065 1550 luxus
1074 1482 1162 1548 inani
1186 1553 1188 1558 ,

308 1584 494 1650 Ambitione
507 1586 613 1652 latreus
624 1598 693 1654 toto
710 1589 855 1675 quaesivit
870 1589 904 1654 in
919 1589 1013 1668 orbe„

308 1689 386 1755 Non
401 1692 572 1758 mandante
586 1692 678 1758 lame.
700 1693 815 1760 multas
830 1695 1033 1784 volucresque
1046 1695 1190 1784 ferasque

308 1793 448 1883 AEgypti
462 1818 594 1881 posuere
608 1796 710 1863 Deos:
735 1798 944 1886 manibusque
959 1800 1117 1866 ministrat
1178 1853 1181 1862 i

223 1905 285 1964 160
308 1899 446 1966 Niliacas
462 1901 626 1986 crystallus
640 1925 755 1988 aquas:
778 1925 977 1992 gemmaeque
991 1927 1121 1990 capaces
1140 1965 1142 1972 .

309 2004 473 2090 Excepere
487 2027 623 2084 memm,
639 2007 695 2073 sed
709 2031 775 2074 non
792 2009 991 2076 Mareotidos
1004 2033 1088 2089 uvae,

308 2108 425 2174 Nobile
439 2110 495 2178 sed
509 2113 618 2196 paucis
632 2113 755 2180 senium
768 2099 821 2182 cui
836 2115 973 2182 contulit
986 2117 1078 2182 annis

306 2214 503 2284 Indomitum
519 2215 633 2282 Meros
649 2240 765 2308 cogens
779 2241 927 2306 spumare
942 2220 1120 2288 Falernum.

274 2369 281 2385 s
307 2321 479 2406 Accipiunt
493 2334 591 2388 sertas
606 2324 708 2390 nardo
720 2324 855 2392 florente
868 2345 1012 2404 coronas,

221 2432 282 2492 165
306 2425 350 2492 Et
364 2449 525 2515 nunquam
537 2427 678 2518 fugiente
692 2452 783 2496 rosa:
807 2429 1006 2519 multumque
1020 2429 1160 2498 madenti

308 2536 458 2604 Infudere
472 2561 589 2620 comaes
608 2541 694 2628 quod
705 2541 854 2609 nondum
863 2543 992 2608 evanuit
1005 2565 1084 2609 aura

306 2643 498 2724 cinnamon,
514 2657 648 2712 externa
661 2667 722 2713 nec
736 2646 877 2734 perdidit
890 2650 965 2714 a'e'ra
978 2661 1085 2714 terra:
1122 2719 1127 2730 ‚

307 2746 549 2837 Advectumque
563 2773 673 2818 recens
683 2753 796 2818 vicinae
810 2753 919 2818 mesas
934 2755 1118 2818 Amomnm.
1177 2779 1184 2796 ·

305 2857 411 2926 Discit
424 2883 501 2947 opes
517 2863 627 2930 Ceesar
638 2863 765 2950 spoliati
779 2863 913 2951 perdere
927 2864 1051 2940 mundi,

221 2965 283 3030 170
306 2963 351 3029 Et
364 2966 493 3053 gessisse
506 2968 606 3051 pudet
619 2989 827 3054 generosum
841 2987 981 3054 paupere
995 2965 1125 3046 bellum,

183 3145 185 3148 ¹
308 3065 352 3135 Et
368 3089 477 3134 causas
490 3069 601 3134 martis
618 3069 743 3140 Phariis
758 3093 831 3138 cum
846 3071 993 3162 gentibus
1007 3083 1107 3156 optat.

307 3175 482 3262 Postquam
493 3175 603 3262 epulis,
628 3175 819 3264 Bacchoque
833 3177 966 3243 modum
981 3177 1094 3242 lassata
1105 3174 1252 3261 voluptas

307 3279 473 3367 Imposuit,
489 3281 592 3370 longis
604 3279 713 3348 Caesar
724 3283 902 3368 producere
917 3295 1042 3348 noctem

306 3384 443 3452 Inchoat
456 3385 616 3475 alloquiis:
640 3409 825 3475 summaque
839 3389 873 3453 in
888 3387 961 3454 sede
970 3389 1129 3474 jacentem

223 3491 284 3556 175
306 3489 492 3579 Linigerum
508 3492 640 3579 placidis
655 3493 823 3581 compellat
839 3492 987 3560 Achorea
1001 3491 1113 3558 dictisz

307 3595 340 3662 Ο
355 3599 449 3662 sacris
464 3597 577 3665 devote
591 3621 699 3679 senex,
715 3601 863 3688 quodque
878 3600 983 3688 arguit
997 3611 1074 3664 aetas

271 3765 277 3798 Ι
305 3701 383 3769 Non
394 3704 537 3794 neglecte
547 3705 638 3785 Deis,
662 3705 789 3772 Phariae
802 3704 977 3791 primordia
991 3705 1106 3794 gentis,
1182 3753 1186 3760 .

309 3808 545 3899 Terrarumque
559 3811 647 3891 situs,
663 3813 810 3902 vulgique
824 3811 959 3877 edissere
972 3832 1087 3888 mores,

221 4019 275 4061 lado
281 4021 336 4070 quod
342 4021 505 4073 amtepotttum.
816 4017 873 4064 187.
889 4015 943 4064 Nec
953 4027 1018 4062 meus
1035 4009 1131 4060 aaron
1137 4012 1241 4060 macrim
1256 4011 1337 4060 Fasti.

150 4144 156 4155 ,
365 4079 368 4086 “
783 4089 1262 4160 mannaqaausatanuoeuum
1282 4087 1340 4136 sa.

197 4148 325 4208 Mmlffil
336 4153 464 4216 1Μίοψ
474 4169 556 4204 ⁰⁰⁸⁸·
784 4171 838 4220 vius
853 4170 952 4221 munte
973 4167 1148 4220 matonis
1182 4169 1218 4216 At
1231 4163 1341 4216 defendit
1373 4225 1376 4232 .

232 4233 286 4278 ¹⁶³·
302 4232 447 4298 mmmm
459 4231 749 4295 ΜΜΜΜΨΜ
781 4265 838 4299 eum
860 4237 1000 4299 manus
1017 4247 1132 4298 Varronis
1152 4249 1199 4296 boc
1219 4245 1337 4300 dracas

98 4349 101 4357 .
196 4301 337 4360 Faenium)
364 4309 422 4358 Hoc
436 4309 504 4368 dicit,
520 4319 616 4360 murm
634 4311 669 4362 ibi
683 4311 748 4360 calo·
780 4329 1021 4395 mmmm„
1046 4324 1336 4385 Quffnjdmmepfisd.

196 4400 250 4434 rem
260 4401 312 4434 esse
322 4403 338 4434 u
360 4387 464 4436 minimo
477 4396 585 4452 tempore
601 4390 750 4442 nobilissima
782 4421 844 4456 mu,
853 4406 958 4458 mdis
974 4420 1020 4458 suo
1036 4414 1143 4470 tempore
1159 4403 1222 4456 etin
1234 4401 1337 4456 nasso

196 4460 254 4511 rina
264 4462 435 4528 decoquantur.
470 4465 579 4518 Grotius.
782 4486 889 4540 lectum:
