2924 4986
263 339 354 404 282·
538 325 594 400 M.
631 324 837 402 ANNAEI
872 324 1101 402 LUCANI
1156 399 1160 406 .

438 553 646 636 Thessaliam,
663 579 726 644 qua
742 567 832 644 parte
842 557 926 623 diem
936 557 1132 624 brumalibus
1142 557 1230 627 horis

216 757 222 769 ,
374 659 500 725 Attollit
515 660 623 740 Titan,
639 684 733 748 rupes
748 661 859 728 Ossaea
872 664 1006 728 co'e'rcet.
1305 717 1306 722 1
1433 735 1434 770 ,

284 771 348 830 335
372 765 455 830 Cum
470 787 527 851 per
541 767 665 832 summa
674 767 739 852 poli
755 766 914 833 Phoebum
927 766 1026 833 trahit
1040 768 1134 834 altior
1149 782 1249 850 aestas,

1433 1689 1434 1764 l

369 867 482 935 Pelion
497 871 630 955 opponit
644 871 739 936 radiis
749 872 949 938 nascentibus
960 861 1099 938 umbras.

370 975 418 1040 At
430 974 551 1040 medios
561 977 650 1066 ignes
659 973 739 1055 coeli,
756 967 922 1065 rabidique
938 977 1056 1042 Leonis

370 1081 539 1147 Solstitiale
553 1091 649 1167 caput
662 1103 849 1148 nemorosus
864 1069 1030 1148 submovet
1048 1083 1179 1172 Othrys.

371 1192 501 1279 Excipit
514 1193 659 1259 adversos
676 1195 848 1282 Zephyros,
864 1207 896 1260 et
912 1192 1038 1284 Iapyga
1055 1193 1188 1274 Pindus,

282 1306 346 1362 340
369 1298 413 1364 Et
426 1309 585 1364 maturato
598 1299 744 1384 proecidit
757 1322 884 1385 vespere
900 1300 1013 1364 lucem'.

368 1405 437 1470 Nec
448 1417 589 1470 metuens
600 1406 656 1470 imi
672 1405 799 1470 Borean
812 1405 973 1471 habitator
991 1406 1125 1494 Olympi

368 1510 544 1575 Lucentem
558 1511 632 1575 totis
645 1511 772 1598 ignorat
786 1510 931 1576 noctibus
947 1511 1082 1575 Arcton.

369 1615 443 1678 Hos
457 1615 540 1700 inter
555 1626 677 1679 montes
692 1615 796 1679 media
809 1615 864 1702 qui
879 1615 957 1680 valle
971 1626 1171 1701 premuntur,
1245 1679 1247 1685 ,

345 1804 347 1808 ¹
369 1719 536 1806 Perpetuis
551 1720 712 1806 quondam
728 1721 848 1799 latuere
861 1720 1030 1808 paludibus
1047 1722 1115 1810 agri
1126 1714 1146 1784 τ’

286 1829 348 1885 345
373 1823 522 1887 Flumina
536 1821 613 1887 dum
628 1826 732 1910 campi
746 1825 895 1902 retinent,
911 1847 970 1892 nec
984 1827 1092 1911 pervia
1108 1824 1231 1910 Tempe

371 1926 463 1993 Dant
477 1924 580 1992 aditus
594 1929 717 2016 pelago,
734 1941 943 2018 stagnumque
957 1929 1160 2016 implentibus
1173 1927 1261 1993 undis

337 2101 339 2106 ,
367 2031 516 2098 Crescere
530 2055 638 2098 cursus
653 2045 729 2099 erat.
751 2047 919 2122 postquam
933 2024 1072 2100 discessit
1087 2033 1227 2120 Olympo

363 2137 528 2205 Herculea
541 2140 646 2228 gravis
662 2140 744 2206 Ossa
757 2163 865 2220 manu,
881 2136 1058 2228 subitaeque
1070 2141 1197 2205 ruinam

369 2243 473 2309 Sensit
488 2246 735 2333 aquaevNereus:
760 2247 872 2311 melius
887 2266 1036 2312 mansura
1050 2245 1112 2311 sub
1124 2245 1228 2324 undis,

252 2339 255 2348 ’
280 2353 344 2410 350
367 2347 511 2414 Emathis
521 2339 660 2437 aequorei
674 2373 809 2440 regnum
826 2351 993 2416 Pharsalos
1006 2349 1145 2414 ‘Achillis

365 2452 504 2533 Eminet,
517 2468 548 2520 et
561 2457 671 2541 prima
680 2456 829 2522 Rhoeteia
843 2457 950 2522 littora
965 2461 1045 2543 pinu

367 2556 451 2632 Quae
465 2558 569 2646 tetigit
584 2558 731 2645 Phylace,
750 2561 945 2648 Pteleosque,
962 2573 993 2626 et
1008 2561 1136 2625 Dorion
1150 2561 1199 2626 ira

366 2659 486 2727 Flebile
502 2661 663 2728 Pieridum
672 2691 683 2741 ς
708 2663 861 2744 Trachin,
878 2667 1046 2752 pretioque
1058 2665 1209 2731 nefandos
1302 2676 1305 2685 '

365 2765 545 2852 Lampados
562 2768 730 2834 Herculeis
744 2768 832 2836 fortis
847 2771 1001 2836 Meliboea
1018 2769 1195 2856 pharetris:

280 2871 343 2930 355
367 2868 474 2961 Atque
486 2871 563 2936 olim
580 2872 706 2938 Larissa
720 2885 852 2958 potens:
875 2876 931 2940 ubi
948 2860 1054 2940 nobile
1069 2872 1232 2961 quondam

368 2973 462 3037 Nunc
476 2996 570 3060 super
582 2976 687 3064 Argos
703 2990 812 3043 arant:
836 2992 955 3044 veteres
970 2961 1025 3044 ubi
1037 2977 1144 3044 fabula
1160 2975 1286 3042 Thebas

364 3075 526 3143 Monstrat
541 3079 727 3146 Echionias:
751 3083 807 3148 ubi
823 3084 984 3171 quondam
1000 3084 1160 3150 Pentheos
1175 3080 1248 3148 exul

256 3224 259 3230 ,
337 3229 340 3234 ,
365 3183 456 3250 Colla
470 3198 625 3274 caputque
638 3187 740 3254 ferens
754 3191 901 3276 supremo
916 3187 1046 3256 tradidit
1061 3189 1139 3278 igni,

252 3455 255 3468 Δ
286 3409 342 3454 543.
360 3408 412 3454 Hos
423 3408 581 3456 intermontes
596 3409 675 3457 medio
691 3411 733 3472 qui
747 3411 805 3460 vata
843 3415 922 3462 Unum
933 3421 1051 3473 stagnum,
1066 3423 1115 3472 quo
1124 3406 1208 3456 omnia
1223 3407 1365 3460 luminam·

252 3482 413 3548 premortua]
432 3483 615 3546 comgencum,
752 3541 755 3546 Ι
837 3498 969 3550 venerunt3
986 3498 1011 3538 et
1026 3491 1179 3552 [rapientibus
1203 3489 1289 3538 seilicet
1304 3483 1365 3534 flumi-

299 3591 394 3606 —--
402 3575 470 3614 medis
479 3573 536 3616 ΘΗΛ
544 3575 732 3624 vanepremuntur.
837 3568 917 3625 uibus,
928 3579 956 3616 ut
967 3581 1140 3630 supervacuum
1148 3567 1179 3614 sit
1190 3559 1363 3635 illudonorsz

287 3653 343 3696 546.
354 3650 423 3697 Doat
430 3650 508 3696 aditus
516 3648 618 3714 pelaga]
646 3647 728 3697 Immo
735 3651 803 3712 pcla-
837 3639 948 3714 quodque
958 3652 1028 3700 tertio
1039 3649 1125 3698 abhinc
1136 3663 1205 3696 versu
1215 3647 1313 3696 recurrit
1327 3643 1362 3690 At·

252 3727 285 3786 gi,
298 3734 325 3773 ut
335 3727 406 3775 habet
423 3727 480 3774 MS.
500 3726 530 3774 P.
543 3735 567 3774 et
579 3726 610 3774 R.
622 3727 653 3774 A.
665 3727 743 3776 Maris
753 3725 804 3776 adi·
836 3736 893 3791 gute
909 3737 997 3784 autem,
1011 3731 1114 3778 &escere
1124 3743 1207 3775 cursus
1217 3736 1283 3774 erat.-
1299 3730 1323 3772 ut
1333 3734 1362 3766 su·

252 3812 291 3852 tus
302 3799 370 3853 erant
379 3803 508 3853 interclusi.
536 3804 642 3854 Grotius.
669 3805 745 3853 Recte
756 3807 800 3855 Pe·
832 3812 942 3870 prelop.
953 3796 1051 3860 Miseros
1062 3807 1234 3876 acroamata
1247 3803 1363 3862 cimbu-

249 3883 304 3944 logi.
326 3875 391 3932 Nam'
401 3885 487 3946 Pelago
499 3897 548 3930 non
559 3893 625 3941 esset,
640 3885 799 3950 Daatjlumi·
830 3885 970 3950 gerasenus
981 3893 1038 3934 erat
1086 3876 1089 3882 ’

250 3960 318 4008 nibus
336 3965 457 4010 aditasad
472 3963 573 4024 pelagas,
591 3959 668 4026 (quod
686 3961 801 4009 sententis
865 3967 922 4012 ³54.
948 3989 1015 4002 —-
1035 3961 1159 4012 Herculeis
1178 3960 1253 4024 sortis
1277 3956 1364 4007 Metrias

203 4047 208 4060 ·
251 4033 417 4101 hicposrulat)
436 4039 478 4088 sed
494 4039 553 4088 dant
571 4037 656 4102 pelago
674 4037 753 4088 aditus
769 4043 802 4088 aa
828 4040 1088 4108 proauoqcndtcas
1097 4039 1205 4103 plerique
1215 4053 1296 4087 omues
1305 4033 1366 4096 agis·

241 4110 358 4176 flumina
394 4117 482 4166 Noster
498 4117 597 4168 uites.
619 4118 801 4167 Habeaaditum
834 4106 1365 4186 eis,quodhic'meliusconveuit,velobillud

247 4205 353 4246 ceruum
363 4201 391 4248 in
401 4202 577 4264 saculosamoe.
595 4201 659 4249 Casu
670 4198 747 4249 ut'hic
757 4215 801 4264 pe·
833 4205 918 4251 Fortis.
941 4198 1068 4250 Fortitudo
1078 4199 1146 4248 euim
1156 4211 1188 4246 ex
1197 4196 1294 4262 sagims,
1304 4190 1366 4258 pollui

248 4275 303 4323 trio.
325 4276 400 4324 Porro
419 4287 507 4335 sutem,
523 4267 567 4342 pro
594 4281 677 4336 Uadis,
693 4277 800 4344 plerique
831 4293 904 4344 quam
915 4293 945 4326 ex
956 4278 1073 4340 pharetris
1083 4284 1237 4325 monstrauit.

247 4369 332 4402 omnes
348 4352 448 4402 codices·
459 4357 554 4413 habent,
865 4361 921 4407 355.
938 4353 1018 4421 Atque
1032 4358 1090 4406 olim
1098 4358 1198 4405 Larissa
1206 4363 1299 4418 potem:
1309 4369 1353 4386 -···

266 4441 554 4495 ——stagriumque
567 4445 702 4494 implentibus
709 4441 793 4484 UNUM
925 4433 1222 4498 -rapameragaaq
1234 4427 1364 4492 Η-ἱῑιῑῑῑῦῑῐω

267 4505 502 4548 mium&
825 4501 1362 4580 rarsuamihispuriividaotur,l.arism,rtl⁸¹¹

794 4605 811 4650 ὅ
