2984 5022
220 317 293 380 roe
522 303 581 380 M.
617 301 825 402 Anum,
849 301 1078 380 Lucani

329 516 538 604 Insolitasque
552 517 662 583 videns
675 539 774 605 parvo
788 539 862 584 cum
876 517 1006 584 vulnere
1020 527 1148 586 mortes.

329 623 522 714 Signiferum
531 625 678 712 juvenem
694 624 855 712 Tyrrheni
868 623 1032 712 sanguinis
1048 624 1171 692 Aulum

328 729 432 796 Torta
446 741 541 816 caput
551 743 637 794 retro
652 729 769 816 Dipsas
783 728 902 794 caleam
917 729 1100 798 momordit.

326 835 393 899 Vix
406 834 509 914 dolor,
525 846 579 900 aut
594 834 813 920 sensusdentis
827 833 905 900 fuit:
929 833 1059 920 ipsaque
1073 835 1127 900 leti

239 941 303 1004 740
326 940 430 1006 Frons
444 950 530 1004 caret
544 939 679 1004 invidia:
702 962 761 1005 nec
776 939 944 1027 quicquam
958 939 1053 1028 plaga
1067 940 1217 1008 minatur.

327 1047 413 1112 Eece
427 1046 510 1112 subit
525 1045 609 1110 virus
625 1045 765 1123 tacitum,
782 1046 945 1133 carpitque
960 1045 1114 1112 medullas
1136 1063 1141 1071 ’

326 1151 416 1240 Ignis
426 1149 518 1228 edax,
535 1150 698 1237 calidaque
713 1149 855 1214 incendit
870 1149 988 1214 viscera
1002 1149 1085 1215 tabe.

326 1256 437 1322 Ebibit
447 1255 616 1321 humorem
629 1256 749 1321 circum
764 1255 871 1320 vitalia
884 1254 988 1322 fusum

325 1364 435 1442 Pestis,
459 1374 490 1428 et
504 1364 538 1427 in
553 1363 635 1428 sicco
650 1361 797 1450 linguam
807 1373 926 1427 torrere
939 1365 1048 1450 palato

238 1472 301 1534 745
327 1467 443 1555 Coepit.
466 1467 601 1533 defessos
615 1467 675 1531 iret
690 1468 744 1554 qui
756 1466 855 1531 sudor
870 1468 904 1532 in
920 1480 1007 1534 artus

323 1573 401 1640 Non
411 1573 480 1652 fuit,
505 1586 599 1662 atque
613 1571 720 1638 oculos
735 1571 944 1657 lacrymarum
958 1597 1039 1640 vena
1053 1577 1177 1669 refugit.

324 1679 401 1746 Non
416 1679 511 1744 decus
525 1678 659 1764 imperii,
676 1699 741 1742 non
752 1678 855 1742 moesti
865 1680 939 1764 jura
957 1681 1087 1750 Catonis

323 1785 501 1851 Ardentem
516 1797 646 1849 tenuere
660 1784 773 1861 virum,
791 1784 867 1870 quin
883 1807 1030 1874 spargere
1044 1790 1135 1878 signa

222 1907 226 1918 '
321 1890 477 1968 Auderet,
493 1889 628 1976 totisque
641 1871 748 1953 furens
763 1890 941 1977 exquireret
955 1894 1049 1982 agris,

237 1999 301 2062 750
326 1995 415 2072 Quas
429 1992 581 2081 poscebat
594 2015 690 2080 aquas
701 1993 807 2059 sitiens
822 1995 856 2058 in
874 1995 970 2062 corde
985 2021 1153 2068 venenum.

318 2098 379 2166 Ille
392 2098 441 2163 vel
454 2099 489 2162 in
503 2098 630 2163 Tanain
645 2097 764 2176 missus,
783 2097 1051 2189 Rhodanumque,
1069 2104 1260 2198 Padumque

322 2204 468 2281 Arderet,
486 2203 660 2290 Nilumque
671 2203 783 2268 bibens
796 2225 854 2290 per
868 2227 944 2270 rura
958 2220 1135 2296 vagantem.
1201 2213 1204 2226 ⁸

320 2310 462 2376 Accessit
473 2310 568 2375 morti
584 2308 697 2395 Libye,
714 2307 832 2395 fatique
842 2309 998 2375 minorem

323 2424 455 2490 Famam
471 2421 695 2509 Dipsashabet
709 2422 805 2487 terris.
815 2423 923 2508 adjuta
936 2427 1081 2511 perustis·

237 2532 301 2596 755
328 2531 494 2595 Scrutatur
508 2549 602 2593 venas
616 2526 741 2612 penitus
756 2527 924 2613 squalentis
939 2552 1061 2594 arenae:

318 2636 416 2702 Nunc
429 2634 512 2699 redit
521 2633 563 2699 ad
577 2634 693 2719 Syrtes,
709 2643 740 2697 et
754 2631 869 2699 fluctus
883 2635 999 2721 accipit
1013 2657 1086 2701 ore:

320 2741 564 2830 AEquoreusque
577 2739 692 2826 placet,
709 2738 844 2804 sednon
862 2752 894 2804 et
908 2740 1031 2819 sufficit,
1047 2741 1172 2808 humor.

319 2847 389 2913 Nec
404 2847 497 2912 sentit
509 2845 628 2933 fatique
641 2866 752 2934 genus,
768 2856 965 2932 mortemque
980 2848 1116 2912 veneni:

214 3023 256 3074 sed
272 3037 328 3072 vers
342 3022 395 3069 haee
405 3029 441 3069 est
451 3017 528 3068 lectio.
553 3028 651 3084 nugatur
668 3017 763 3066 Aristo-
830 3023 886 3070 761.
901 3045 966 3058 --
976 3021 1076 3070 Dirum
1086 3023 1148 3072 aullr'

205 3100 293 3166 'phlssis
303 3097 542 3162 Hylffidfltflffifl·
576 3096 683 3144 G¹0fl¹¹²
896 3105 1040 3154 Permissum
1050 3107 1133 3154 euhoe
1140 3119 1208 3167 porra
1222 3105 1308 3173 sitim]
1320 3107 1352 3157 Id

210 3227 213 3232 .
244 3184 302 3231 739.
317 3205 383 3217 —
399 3179 553 3242 Ipwqueleti
796 3181 884 3230 melius
903 3181 1040 3244 putarimus
1055 3197 1129 3248 quam
1150 3185 1234 3232 dicare
1264 3184 1354 3235 Noluit

181 3309 183 3323 1
306 3259 386 3308 From
401 3265 465 3306 caret
482 3252 600 3318 invidia-⁶]
627 3251 686 3300 Non
704 3266 762 3300 con-
796 3274 935 3324 quenqum
953 3261 1000 3308 hoc
1020 3259 1088 3318 edre,
1107 3275 1140 3309 ne
1156 3260 1223 3310 tlfim
1244 3261 1352 3312 nimium

208 3333 645 3404 meumuu,sed1nu'dta1eti·
682 3329 762 3393 Vege-
795 3337 914 3388 timerem
947 3338 1349 3391 Etsicutemendavimusbabaat

208 3419 257 3469 tius
272 3418 289 3467 i.
306 3423 344 3467 16.
354 3417 385 3466 de
395 3415 496 3474 Fundis,
509 3419 570 3468 Cum
580 3415 689 3463 membris
699 3415 760 3462 inte·
795 3415 872 3464 MSS.
906 3416 1013 3465 Grotius.

208 3500 259 3560 gn'r
269 3497 517 3546 terruannorum
527 3497 665 3556 importunes
678 3498 700 3539 rt
710 3490 763 3538 siue
828 3496 883 3544 764.
899 3519 965 3532 —-
990 3497 1061 3550 Quem
1068 3497 1123 3562 stro
1144 3499 1214 3546 deute
1231 3495 1350 3563 emacem]

208 3574 301 3624 invidia
316 3573 449 3638 ssnmrinis,
463 3575 534 3624 tortia
549 3572 637 3633 lapidis
659 3569 709 3616 ictu
724 3569 761 3616 ia·
797 3570 898 3622 Codices
907 3571 958 3620 fere
968 3571 1073 3621 universi
1083 3575 1163 3624 Flauo.
1186 3573 1269 3622 Recta
1286 3573 1351 3622 Ideo

207 3663 288 3704 ursat-
322 3651 414 3702 Seneca
432 3649 533 3714 Hippot
549 3652 606 3698 281.
622 3643 763 3714 chmoris
794 3659 905 3707 tenerent,
928 3649 986 3714 quia
1006 3649 1161 3715 dentefleao.
1194 3649 1267 3699 Ovid.
1287 3651 1351 3703 Met·

208 3734 314 3790 vulnere,
792 3727 834 3778 vii
848 3733 901 3780 150.
913 3729 944 3777 de
955 3727 1075 3786 Dracone,

230 3821 279 3862 Non
287 3822 349 3862 habet
355 3823 418 3862 latam
424 3821 643 3871 dempturum-autem,
1178 3830 1265 3872 μή

231 3880 607 3932 &mmmmm
659 3913 661 3916 -
816 3891 1043 3950 Mttushorreudm.

209 3957 312 4022 Singula
327 3959 353 4007 iu
367 3961 405 4007 his
415 3961 486 4008 verba
494 3959 583 4007 Noster
601 3955 642 4004 bio
651 3951 760 4003 imitatus
792 3993 824 4042 ἡ.
836 3997 893 4044 775·

204 4045 248 4084 est·
260 4038 368 4099 Plagum,
375 4039 494 4092 Frontem,
507 4036 633 4085 Medullar.

241 4115 296 4162 748.
312 4139 378 4152 -
392 4117 456 4170 Quin
466 4130 574 4176 spargere
589 4115 660 4174 sigua
816 4095 1287 4209 ffifflssfflwffifflfflm
1358 4139 1361 4146 ,

305 4193 430 4259 Audeat]
448 4193 524 4241 MSS.

228 4295 600 4338 mmmm
607 4286 666 4337 ,330⁸
797 4255 888 4305 Statius
897 4257 929 4306 de
941 4257 1141 4322 SerpenteTlreb.
1152 4273 1175 4307 v.
1187 4261 1244 4308 519.

235 4345 336 4388 auara.
816 4369 1333 4424 -taungnvunatsmammom

209 4428 317 4480 Gmtius.
817 4435 900 4478 Dentis.
