2924 4986
188 363 262 428 aa
461 341 520 422 n.
557 340 760 462 Auum
790 340 1014 422 Lucam

211 545 277 626 410
299 559 460 643 Tempora
474 556 608 645 signavit
621 556 773 620 leviorum
790 555 895 620 Roma
908 557 1081 622 malorum:

301 664 402 729 Hunc
416 661 515 738 voluit
528 661 648 726 nescire
661 659 755 724 diem.
784 681 844 746 pro
858 661 958 726 tristia
970 660 1035 726 fata
1047 661 1055 726 1

293 769 379 834 Asa
394 765 574 852 pestiferum
588 777 699 842 tractu,
716 764 905 850 morbosque
916 765 1060 844 fluentes,
1145 843 1151 848 Α

213 925 216 934 ,
301 872 510 957 Insanamque
522 870 649 948 famem,
671 869 898 955 permissasque
908 869 1037 957 ignibus
1052 871 1164 948 nrbes;

300 973 485 1061 Moeniaque
499 976 533 1040 in
546 995 688 1060 preceps
701 973 817 1038 laturos
831 973 926 1059 plena
939 985 1090 1039 tremores

213 1090 278 1148 415
303 1083 352 1148 Hi
366 1095 494 1168 possent
507 1080 632 1168 expiere
645 1079 717 1142 viri:
741 1101 818 1164 quos
832 1079 972 1164 undique
985 1081 1083 1144 traxit

301 1188 341 1253 In
356 1188 500 1251 miseram
517 1185 658 1250 Fortuna
670 1193 791 1260 necem,
806 1183 883 1246 dum
899 1205 1029 1248 munera
1042 1183 1130 1272 longi

300 1291 449 1376 Explicat
462 1291 597 1375 eripiens
611 1289 680 1366 aevi,
703 1286 905 1374 populosque,
922 1287 1090 1374 ducesque,

248 1413 249 1422 ’
306 1395 478 1462 Constituit
492 1394 622 1479 campis:
645 1414 702 1477 per
716 1413 795 1478 quos
809 1391 866 1456 tibi
882 1392 987 1456 Roma
1001 1393 1104 1456 ruenti

302 1499 459 1567 Ostendat
471 1519 566 1585 quam
581 1519 697 1585 magna
710 1497 814 1560 cadas.
842 1517 909 1582 quo
924 1497 1014 1560 latius
1029 1497 1138 1578 orbem

215 1611 280 1668 420
304 1604 459 1682 Possedit,
482 1604 572 1668 citius
582 1623 640 1688 per
654 1618 804 1686 prospera
818 1599 882 1664 fata
895 1602 1042 1666 cucurrit.

259 1718 264 1721 ’
303 1711 410 1777 Omne
424 1711 482 1774 tibi
496 1709 612 1774 bellum
628 1719 736 1796 gentes
751 1707 839 1772 dedit
852 1708 998 1794 omnibus
1012 1707 1118 1772 annis:

303 1816 354 1882 Te
367 1815 529 1904 geminum
545 1813 642 1878 Titan
657 1813 827 1898 procedere
840 1813 920 1877 vidit
933 1813 966 1876 iu
981 1833 1083 1877 axem.

303 1919 406 1984 Haud
421 1918 555 1982 multum
571 1931 663 1982 terrae
678 1918 813 2003 spatium
827 1918 964 1982 restabat
979 1916 1068 1995 ans,

301 2023 349 2088 Ut
364 2023 422 2087 tibi
437 2045 513 2100 nox,
537 2022 594 2086 tibi
608 2033 675 2086 tota
688 2021 764 2099 diet,
788 2021 845 2086 tibi
856 2035 994 2086 curreret
1008 2020 1115 2098 aether,

216 2133 277 2192 425
302 2127 482 2214 Omniaque
496 2137 634 2190 errantes
649 2126 744 2190 steliae
761 2118 908 2190 Romana
921 2125 1071 2190 viderent.

302 2233 365 2298 Sed
380 2245 465 2296 retro
480 2243 535 2296 tua
548 2229 613 2295 fata
627 2231 698 2296 tulit
711 2252 769 2316 par
783 2230 930 2295 omnibus
944 2231 1034 2296 antris

302 2335 461 2402 Emathiae
473 2334 596 2400 funesta
609 2335 685 2398 dies.
707 2334 767 2400 hae
781 2336 851 2400 luce
864 2349 994 2402 cruenta

301 2438 469 2517 Effectum,
493 2452 528 2504 ut
542 2438 652 2503 Latios
665 2461 732 2502 non
747 2439 874 2504 horreat
888 2441 981 2506 India
996 2441 1101 2520 fasces,

302 2545 372 2618 Nec
386 2547 497 2611 vetitos
511 2567 616 2608 errare
630 2544 718 2608 Daas
731 2545 766 2607 in
780 2547 897 2608 moenia
911 2546 1019 2611 ducat:

215 2655 280 2713 430
304 2649 576 2735 Sarmaticumque
589 2661 712 2734 premat
726 2650 900 2714 succinctus
916 2651 1035 2716 Consul
1049 2661 1208 2718 aratrum:

303 2751 401 2830 Quod
418 2775 540 2838 semper
554 2775 651 2817 saevas
665 2753 759 2818 debet
768 2753 825 2819 tibi
841 2753 971 2820 Parthia
985 2778 1104 2842 poenas,

302 2855 401 2934 Quod
416 2856 538 2944 fugiens
553 2852 641 2922 civile
652 2857 748 2935 nefas,
770 2858 971 2946 redituraque
980 2881 1143 2947 nunqnam

301 2959 459 3036 Libertas,
482 2960 565 3024 ultra
579 2959 714 3047 Tigrim,
740 2961 950 3048 Rhenumque
963 2964 1098 3042 recessit,

304 3066 365 3142 Ac,
387 3066 480 3130 toties
493 3066 584 3131 nobis
593 3069 707 3156 jugulo
721 3071 860 3156 quaesita,
883 3082 1027 3159 negatur,

216 3177 279 3236 435
298 3171 511 3249 Germanum,
536 3171 780 3259 Scythicumque
795 3174 929 3238 bonum:
950 3197 1009 3240 nec
1018 3174 1145 3260 respicit
1158 3173 1241 3240 ultra

302 3277 493 3343 Ausoniam:
516 3275 636 3356 vellem,
659 3277 784 3363 populis
797 3278 958 3366 incognita
972 3279 1106 3344 nostrist

302 3385 444 3452 Vulturis
459 3398 495 3451 ut
509 3387 646 3472 primum
661 3385 740 3448 iaevo
753 3384 885 3451 fundata
897 3387 1003 3451 volatu

192 3613 235 3664 sed
251 3615 332 3678 jacent
349 3617 422 3678 eulpa
437 3617 494 3666 beili
514 3615 595 3664 civilis.
611 3615 666 3664 ride
689 3631 746 3678 pro·
810 3623 866 3670 419.
884 3621 994 3669 Ostendat
1014 3632 1085 3680 parom
1095 3633 1183 3679 magno
1195 3617 1275 3664 codor·
1284 3629 1337 3678 quo
1452 3653 1453 3660 1

191 3694 292 3743 oemium
308 3695 441 3744 maana.
476 3693 581 3743 Grotius.
905 3698 1063 3746 lotimorbam

225 3777 283 3821 414.
300 3773 435 3835 Moeniaque
447 3775 473 3819 r'a
485 3785 592 3834 praeceps
602 3771 746 3832 140454ρο-
876 3777 989 3832 Possedit,
1008 3776 1077 3824 duaa
1086 3789 1131 3836 per
1144 3768 1336 3834 propensata

325 3866 357 3897 Μ
369 3860 478 3898 tremor&
777 3854 903 3920 curavit]
919 3857 1029 3910 Possedit,
1047 3853 1156 3900 Fortuna
1171 3849 1263 3898 scilieet
1278 3847 1335 3897 Po-

294 3927 331 3974 Hs
344 3936 438 3990 possent
456 3925 630 3992 exploratum]
649 3925 696 3974 Dio
707 3941 745 3974 so·
776 3936 827 3999 puli
840 3935 953 3984 Romani.
970 3933 1026 3982 uti.
1040 3937 1093 3981 109.

151 3990 157 4004 ⁸
193 4002 237 4050 des
251 4017 305 4066 quae
327 4013 384 4054 sunt
401 4009 473 4070 plena
493 4006 598 4054 manat
615 4005 745 4065 praesertim
968 4071 1037 4084 —
1083 4045 1253 4096 unquamne,

193 4096 250 4130 cnm
261 4097 318 4128 mox
328 4095 446 4146 sequatur,
459 4085 565 4144 Equerc.
600 4081 705 4144 Corrige,
804 4116 855 4163 9„ae
862 4123 927 4160 mm,
934 4123 979 4162 qu„
984 4059 1109 4158 mm„
1119 4110 1188 4148 ,emm
1193 4103 1281 4156 Μ
1297 4111 1337 4142 01,

218 4169 460 4222 Maeniaqnetnpraeeeps
475 4175 552 4212 laturos
560 4160 746 4212 naudaeus
825 4183 880 4227 bem,
942 4191 948 4206 '

241 4240 281 4270 ret.
802 4237 1073 4288 NouoepttFortunaduos.

194 4303 382 4364 1⁴“m'0'1’3m
398 4308 425 4354 ²¹³
432 4321 549 4368 praem*
567 4305 688 4353 1111585·
780 4338 856 4404 Atqui
866 4340 911 4387 hoc
922 4337 1050 4386 durissime
1060 4331 1169 4387 infertur,
1178 4329 1226 4378 nisi
1235 4324 1338 4392 legeris

209 4383 252 4445 ¹'l'u
260 4403 456 4454 quoscumquevelis
464 4406 486 4445 ἐπ
495 4407 581 4456 plaurm
588 4402 691 4452 effundere
703 4411 748 4442 nta-

241 4475 282 4505 νοτ.
850 4456 949 4496 Ostendat
960 4465 1022 4505 quam
1029 4454 1103 4504 namt
1108 4448 1209 4493 GADAT.
