2924 4986
390 312 516 390 PHA
531 311 769 394 RSALIAE
802 311 916 391 LIB.
943 312 1038 391 VII.
1206 323 1279 394 389

251 523 337 604 Hos,
362 525 480 606 Caesar,
503 528 637 615 populos
651 528 678 593 si
693 549 780 593 nune
793 549 861 593 nou
876 527 990 620 uumit
1000 526 1098 616 ignis,

249 630 333 697 Uret
346 653 419 697 cum
433 633 537 712 terris,
560 645 630 699 uret
644 655 718 700 curn
728 635 856 722 gurgite
870 633 971 720 ponti.

248 743 435 812 Communis
449 746 572 812 mundo
586 757 726 834 superest
740 769 847 836 rogus,
870 747 991 812 ossibus
1005 756 1096 812 sstra·

158 854 225 914 ⁸15
249 849 413 916 Misturus.
443 865 733 940 quoeunquetuam
748 853 892 918 Fortuna
906 850 1044 932 vocabit,

250 960 317 1027 Hae
332 985 459 1050 quoque
473 979 550 1029 eunt
564 965 688 1029 enimae.
718 985 785 1029 non
801 964 892 1030 altius
906 963 966 1029 ibis
980 963 1015 1028 in
1030 985 1133 1042 auras,

245 1067 322 1133 Non
337 1069 467 1134 meliore
480 1067 553 1133 loco
568 1069 678 1158 Stygia
692 1069 750 1134 sub
766 1079 860 1134 noete
869 1068 1000 1154 jacebis.

244 1169 362 1238 Libera
378 1173 532 1240 Fortunae
546 1195 632 1240 mors
646 1185 706 1240 est:
728 1175 814 1264 eupit
828 1175 937 1238 omnia
950 1173 1041 1239 tellus

245 1276 330 1353 Quae
345 1281 467 1366 genuit:
491 1279 573 1345 coelo
587 1281 715 1368 tegitur,
739 1280 795 1366 qui
810 1299 875 1344 non
890 1277 987 1344 habet
1001 1299 1126 1344 urnam.

158 1387 222 1445 820
245 1381 309 1461 Tu,
326 1385 376 1449 cui
391 1384 470 1449 dunt
481 1407 593 1471 poenas
607 1384 774 1450 inhumato
788 1384 899 1451 funere
912 1395 1033 1474 gentes,

100 1483 103 1490 ‘
243 1486 334 1564 Quid
348 1486 430 1577 fugis
444 1488 528 1554 hanc
542 1487 687 1554 cladem?
708 1487 786 1576 quid
800 1488 920 1556 olentes
934 1487 1052 1554 deseris
1066 1486 1184 1576 agros?

240 1591 314 1658 Has
329 1593 420 1658 trahe
436 1594 544 1660 Caesar
560 1618 669 1683 aquas:
692 1595 766 1674 hoe,
782 1597 808 1660 si
821 1608 922 1683 potes,
938 1605 1029 1662 utere
1042 1593 1132 1660 uoelo.

241 1697 305 1762 Sed
320 1698 378 1762 tibi
393 1700 534 1767 tabentes
548 1701 660 1788 populi
679 1700 861 1770 Pharsalica
876 1723 952 1767 rura

238 1801 397 1889 Eripiunt,
422 1827 613 1895 camposque
628 1818 738 1874 tenent
753 1809 873 1874 victore
887 1806 1010 1896 firgato.
1087 1875 1088 1880 ,

154 1913 217 1972 825
284 1909 360 1972 Non
376 1910 477 1975 solum
496 1912 662 1978 Haemonii
678 1913 802 1980 funesta
816 1913 859 1979 ad
872 1912 993 1999 pabula
1009 1909 1086 1976 belli

239 2016 374 2083 Bistonii
390 2040 503 2083 venere
517 2020 596 2105 lupi,
617 2022 787 2108 tabemque
801 2031 943 2086 eruente

242 2119 348 2186 Credis
363 2121 488 2187 odorati
504 2123 649 2191 Pholoen
665 2126 787 2210 liquere
800 2125 917 2189 leones.

239 2224 334 2291 Tunc
345 2227 410 2290 ursi
424 2224 570 2302 latebras,
583 2227 725 2292 obseoeni
740 2237 833 2304 mem,
850 2227 1027 2312 domosque

238 2329 417 2396 Deseruere
431 2354 537 2411 canes,
554 2342 585 2396 et
597 2331 748 2419 quicquid
763 2353 841 2396 nare
852 2332 959 2419 sagaci
1008 2351 1013 2359 ’

158 2443 224 2501 830
246 2436 333 2500 A'e'ra
343 2457 410 2501 non
425 2459 548 2515 sanum,
564 2449 751 2524 motumque
765 2435 918 2500 cadavere
933 2433 1035 2500 sentit.

235 2541 372 2629 Jamque
386 2541 442 2607 diu
456 2542 599 2608 volucres
614 2542 718 2606 civilia
734 2553 836 2608 castra
852 2552 968 2606 secutae

237 2647 448 2712 Conveniunt
470 2669 536 2725 vos,
553 2668 624 2734 quae
641 2647 718 2712 Nilo
732 2657 839 2712 mutar
849 2645 973 2712 esoletis

235 2749 400 2816 Threicias
413 2751 552 2838 hyemes,
569 2752 611 2816 ad
626 2751 751 2816 mollem
763 2752 861 2816 serius
876 2751 1035 2816 Austrum

236 2853 308 2922 Istis
323 2877 404 2920 aves.
420 2874 584 2942 nunquam
600 2879 633 2920 se
647 2867 738 2922 tanto
754 2855 879 2922 vulture
890 2854 1008 2922 eoelum

148 2943 211 3026 83⁵5
235 2960 355 3039 Induit,
368 2973 423 3026 aut
435 2960 541 3047 plures
557 2975 739 3050 presserunt
749 2972 825 3030 a'e'ra
839 2983 965 3048 pennae.

237 3065 344 3132 Omne
357 3087 469 3131 nemus
484 3068 570 3132 misit
588 3069 743 3146 volucres,
760 3060 928 3154 omnisque
941 3075 1073 3132 eruenta
1139 3065 1142 3070 ’

237 3171 324 3236 Alite
338 3170 521 3259 sanguineis
536 3171 663 3238 stillavit
677 3172 802 3237 roribus
817 3172 922 3238 arbor.

248 3275 342 3361 Soepe
353 3298 448 3362 super
461 3275 566 3342 vultus
580 3276 720 3354 victoris,
737 3277 885 3361 etimpia
900 3275 995 3365 sigua

236 3376 305 3444 Aut
319 3399 424 3460 umor,
441 3393 496 3447 aut
510 3381 574 3447 alto
589 3379 724 3446 defluxit
735 3381 775 3446 ab
790 3379 910 3444 aethere
925 3379 1025 3457 tabes,

144 3489 210 3547 840
234 3482 448 3572 Membraque
460 3487 575 3574 dejecit
583 3488 652 3574 jan'l
663 3486 750 3552 lassis
764 3483 924 3572 rmguibus
937 3483 1009 3549 ales.

235 3589 290 3656 sio
303 3567 430 3676 quoque
441 3593 626 3656 non'omnis
640 3590 775 3678 populus
789 3588 934 3676 pervenit
948 3589 991 3654 ad
1005 3607 1086 3666 ossa,

237 3693 340 3782 Inque
353 3694 436 3760 feras
449 3694 625 3784 discerptus
638 3698 719 3764 abit:
736 3717 802 3762 non
817 3693 931 3762 intima
946 3701 1062 3760 curant

155 3923 212 3970 784.
230 3923 264 3971 Et
281 3931 399 3987 quantum
416 3937 496 3984 poenoe
512 3925 595 3973 ulmo
617 3941 681 3976 meua
749 3930 807 3974 ⁸1⁸.
818 3947 886 3962 -·
898 3918 1133 3986 Capitonuiutellus

118 4000 214 4048 conada
236 3999 327 4067 dunat]
345 3999 507 4063 Mauuseripti
523 4000 574 4050 fare
589 4015 680 4062 omues,
816 4004 875 4057 Qaoe
888 4002 972 4063 genuit
984 3996 1006 4064 .·]
1023 3997 1066 4046 Au
1086 3995 1230 4050 Quintillus.
1242 3990 1282 4042 ⁷²1
1333 3987 1342 4000 ⁷

119 4076 271 4136 ⁰⁰¹¹&le
719 4083 777 4137 Quae
794 4080 895 4130 urania?
918 4079 1012 4130 &neca
1026 4075 1083 4124 Nat.
1096 4075 1186 4132 Quart
1197 4073 1228 4122 vi.
1237 4073 1281 4123 ult.

146 4167 283 4218 Remum
290 4171 668 4220 mmmemwmciauemt.
714 4173 766 4221 asp.
780 4161 868 4208 Rerum
884 4165 973 4206 natura
987 4164 1017 4212 te,
1030 4169 1086 4218 quae
1096 4155 1188 4216 genuit,
1199 4166 1279 4214 espec·

153 4245 211 4292 813.
232 4247 289 4295 Uret
305 4263 362 4296 eum
371 4247 447 4307 unm,
458 4263 511 4312 um
521 4269 579 4311 m„
587 4250 682 4314 gurgite
715 4247 757 4294 tet,
768 4247 790 4286 et
808 4239 871 4287 brus
883 4237 965 4286 mutor
977 4250 1007 4283 ue
1017 4236 1099 4284 tudier.
1133 4230 1182 4280 Sed
1192 4229 1281 4319 melius

115 4323 207 4386 pout]
221 4323 329 4372 Stoicum
345 4323 438 4390 dogm
456 4327 621 4400 Affflmii,
638 4327 685 4381 Qut
720 4317 877 4380 Omniaque.
912 4313 978 4362 Nam
1003 4310 1282 4361 Naturaomniaomm.

122 4401 201 4462 &nem
213 4404 317 4451 minatur
327 4406 412 4452 mundo
421 4417 446 4456 ea
455 4425 547 4498 „wit
556 4425 612 4472 Μ,
623 4414 681 4456 m.
714 4411 748 4445 na
758 4398 850 4462 genuit¹
868 4393 943 4446 tellus
959 4407 1011 4442 uon
1030 4393 1119 4450 omnia
1130 4389 1172 4440 sed
1187 4397 1281 4436 terreus

114 4491 309 4540 marturam,-
326 4483 492 4594 mustum„
502 4498 591 4586 dmg,
605 4486 680 4548 cury·
713 4485 816 4528 murm.
1039 4551 1044 4564 1
1136 4547 1141 4560 ⁸

115 4556 192 4622 'im
205 4557 317 4612 horti?
749 4559 808 4608 sla.
823 4579 892 4598 ι·-
916 4549 977 4602 Cale
999 4558 1090 4613 tegetur,
1101 4563 1141 4614 qur
1159 4544 1284 4597 natatu

11 4855 379 4888 mnu——
