2924 4986
182 343 257 412 346
417 342 432 409 .’
461 329 520 409 Μ.
539 327 746 408 ANNAEI
781 327 1008 408 LUCANI

294 541 519 612 Semianimem
533 543 825 616 conenturheram:
849 567 945 632 quam
956 555 1085 631 pectore
1100 545 1253 638 Magnus
1449 539 1450 620 l

293 649 417 729 Ambit,
433 662 466 715 et
481 652 623 716 astrictos
634 649 754 716 refovet
767 650 984 736 complexibus
993 664 1092 720 anus.
1449 659 1450 730 ξ

293 754 492 840 Coeperatin
507 777 665 822 summum
680 768 827 830 revocato
841 757 1124 846 sanguinecorpus

291 859 438 946 Pompeii
451 862 567 927 sentire
582 883 704 938 manus,
726 873 934 948 moestamque
948 863 1054 928 mariti

214 969 270 1056 270
294 965 391 1032 Posse
406 967 471 1051 pati
486 967 613 1032 faciem:
636 965 783 1051 prohibet
797 967 1002 1040 succumbere
1016 967 1088 1034 fatis

203 1149 205 1154 Ι
290 1071 442 1160 Magnus,
459 1084 491 1138 et
505 1071 691 1138 immodicos
706 1071 837 1160 castigat
854 1093 932 1138 voce
943 1071 1077 1146 dolor-ea

344 1175 461 1241 Nobile
475 1199 531 1242 cor
546 1177 644 1242 robur
660 1177 811 1242 Fortunae
826 1175 955 1242 volnere
969 1177 1083 1262 primo,

293 1280 438 1361 Femina,
462 1294 623 1350 tantorum
638 1281 735 1346 titulis
749 1281 880 1370 insignis
893 1303 1037 1360 avorum,
1078 1341 1082 1346 .

296 1385 455 1474 Frangis?
479 1386 591 1452 Habes
606 1386 727 1452 aditum
743 1409 890 1452 mansura
905 1387 938 1450 in
954 1387 1057 1452 secula
1071 1387 1178 1470 famae,

228 1492 247 1556 7
251 1497 270 1556 5
293 1490 415 1572 Laudis
429 1491 463 1556 in
474 1491 536 1557 hoc
551 1513 641 1570 sexu,
656 1513 723 1556 non
733 1491 840 1578 legum
851 1492 935 1576 jura,
951 1513 1010 1556 nec
1024 1515 1121 1572 arma,

296 1595 403 1663 Unica
417 1597 549 1663 materia
563 1608 610 1662 est
625 1597 742 1682 conjux
756 1597 859 1672 miser.
890 1597 976 1684 erige
990 1609 1137 1676 mentem,

296 1699 341 1766 Et
352 1713 407 1766 tua
420 1723 493 1766 cum
508 1699 579 1767 fatis
594 1702 693 1787 pietas
707 1701 855 1778 decertet,
871 1714 902 1766 et
915 1702 1032 1788 ipsum,
1265 1787 1272 1795 „

294 1803 392 1882 Quod
408 1828 478 1870 sum
494 1807 603 1883 victus,
627 1829 712 1871 ama:
735 1829 822 1872 nunc
837 1829 904 1872 sum
921 1807 978 1872 tibi
992 1807 1091 1896 gloria
1105 1809 1222 1896 major.

294 1909 326 1978 A
339 1908 489 1994 mequod
503 1907 610 1986 fasces,
628 1922 659 1974 et
670 1909 757 1997 quod
769 1911 822 1995 pia
836 1910 931 1976 turba
946 1897 1091 1990 Senatus,
1223 1925 1225 1928 '

231 2026 273 2083 80
295 2017 464 2107 Tantaque
473 2021 615 2086 discessit
629 2043 741 2110 regum
757 2044 880 2089 manus:
902 2021 1008 2107 incipe
1025 2023 1183 2114 Magnum

293 2125 369 2191 Sola
383 2127 480 2212 sequi.
511 2125 672 2204 deformis,
684 2127 792 2194 adhuc
808 2123 932 2193 vivente
947 2129 1061 2192 marito

294 2230 454 2308 Summus,
471 2243 503 2296 et
513 2232 754 2319 augerivetitus
770 2231 873 2296 dolor:
890 2232 1000 2297 ultima
1014 2233 1108 2301 debet

292 2334 371 2402 Esse
385 2336 475 2416 fides,
494 2336 601 2426 lugere
615 2339 732 2402 virum.
761 2350 796 2404 tu
812 2336 898 2404 nulla
912 2338 1010 2404 tulisti
1092 2381 1098 2390 -

294 2443 386 2510 Bello
400 2445 518 2510 damna
532 2467 613 2511 meo.
644 2446 721 2511 vivit
734 2438 807 2531 post
823 2445 934 2530 praelia
950 2444 1100 2532 Magnus,
1186 2503 1187 2508 ,
1287 2477 1296 2494 ·

227 2557 270 2614 85
294 2549 356 2616 Sed
375 2551 519 2616 Fortuna
536 2553 636 2637 perit:
653 2551 855 2638 quoddefles,
870 2550 948 2615 illud
962 2550 1083 2617 amasti.

336 2653 477 2721 Vocibus
490 2655 541 2720 his
555 2669 700 2740 correpta
710 2656 781 2733 viri,
795 2657 849 2720 vix
863 2678 950 2743 aegra
963 2654 1078 2724 levavit

292 2759 444 2826 Membra
458 2759 536 2839 solo,
553 2761 641 2828 taleis
654 2761 777 2850 gemitu
791 2772 959 2846 rumpente
973 2759 1133 2846 querelas:

295 2865 327 2930 Ο
343 2867 465 2930 utinam
481 2867 512 2930 in
529 2865 685 2932 thalamos
701 2867 792 2932 invisi
809 2866 942 2932 Caesarie
957 2866 1049 2930 issem

293 2969 411 3035 infelix
425 2972 553 3057 conjux,
576 2984 608 3038 et
622 2971 701 3036 nulli
713 2972 787 3036 loeta
802 2969 936 3037 marito!

231 3081 273 3138 90
297 3074 354 3140 Bis
369 3077 464 3140 nocui
480 3075 612 3139 mundo:
640 3098 690 3140 me
704 3077 851 3162 pronuba
866 3075 958 3140 duxit
975 3075 1129 3164 Erinnys,

295 3177 546 3266 Crassorumque
560 3178 692 3257 umbrae,
717 3181 893 3267 devotaque
908 3181 1053 3246 manibus
1066 3181 1127 3245 illis
1146 3189 1151 3194 ’

292 3283 440 3369 Assyrios
455 3283 488 3346 in
503 3299 605 3348 castra
620 3283 678 3350 tuli
693 3285 797 3350 civilia
811 3308 918 3350 casus:

291 3387 537 3476 Praecipitesque
552 3388 625 3454 dodi
639 3390 789 3475 populos,
804 3403 996 3477 cunctosque
1007 3390 1115 3479 fugavi
1142 3451 1144 3456 .

274 3573 277 3578 Ι
295 3493 327 3558 A
343 3515 436 3558 causa
452 3494 581 3559 meliore
597 3495 695 3560 Deos.
725 3517 746 3558 ο
760 3496 899 3560 maxime
911 3497 1041 3582 conjux,

226 3605 268 3666 95
293 3598 326 3665 Ο
341 3581 485 3665 thalamis
500 3599 631 3686 indigne
646 3600 733 3678 meis,
750 3599 812 3664 hoc
818 3599 900 3684 juris
911 3598 1049 3665 habebat

294 3704 332 3769 In
346 3719 474 3778 tantum
486 3701 628 3769 Fortuna
642 3703 757 3789 caput!
776 3727 833 3769 cur
843 3706 943 3790 impia
957 3705 1061 3791 nupsi,

292 3808 327 3874 Si
343 3811 491 3875 miserum
505 3808 627 3875 factura
636 3807 682 3874 fui
693 3807 709 3874 l
721 3831 816 3904 'nunc
830 3811 937 3896 accipe
950 3829 1072 3896 poenas,
1098 3889 1100 3892 Ι

178 4005 509 4072 laniamentari,eutipsnm
517 4009 664 4072 Pompeium
676 4010 735 4058 reri-
803 4013 843 4058 88.
861 4012 881 4060 0
896 4007 990 4060 minam
1005 4013 1032 4059 r'a
1043 4011 1160 4059 thalamos
1169 4011 1239 4060 motet
1253 4013 1336 4062 een-

182 4093 220 4140 tae,
232 4096 314 4136 autne
326 4090 445 4138 eomeriae
454 4090 560 4140 dolorem
572 4089 735 4139 accenderent.
768 4091 803 4138 ris
818 4089 897 4156 issem]
915 4089 999 4137 Habet
1019 4091 1081 4138 hanc
1100 4088 1220 4138 Corneliae
1241 4093 1335 4140 oratio·

182 4163 290 4212 Grotius.
325 4166 437 4233 Plerique
444 4169 535 4218 codices
546 4172 653 4219 Fatum.-
670 4167 736 4233 quod
768 4182 825 4216 nem
835 4167 909 4216 etiam
918 4167 985 4216 Plut.
996 4168 1022 4214 in
1041 4167 1165 4229 Pompeio,
1178 4177 1207 4216 ut
1217 4178 1336 4229 appareat

181 4240 317 4304 recipimus.
768 4259 799 4293 ex
809 4244 908 4293 historia
927 4244 1071 4294 desumtam.
1106 4246 1140 4294 Et
1154 4245 1229 4308 digua
1240 4254 1279 4294 est
1293 4253 1335 4294 te·

212 4324 252 4370 74.
268 4347 333 4362 -·
346 4325 425 4374 Habes
439 4328 532 4374 editam
541 4341 655 4374 mansura
665 4328 691 4373 ia
702 4341 737 4373 se·
769 4323 874 4378 uernmc
885 4324 937 4387 ejus
958 4324 985 4374 in
1001 4325 1117 4374 ruentum
1133 4339 1223 4372 amore.
1267 4323 1335 4374 Gro-

118 4406 122 4414 “
180 4402 332 4472 coloseum]
351 4404 440 4462 Immo,
454 4404 531 4454 utelii
542 4403 642 4465 codices,
655 4407 744 4470 Mon„
768 4402 823 4458 tius
1249 4463 1253 4468 ,

175 4495 245 4531 sara.
653 4508 657 4512 «
734 4535 754 4580 3
802 4482 1235 4548 100.delemfiliciduaarmt't
