2900 4902
246 349 323 415 ma
526 337 584 416 ru.
619 341 827 420 Auum
859 343 1091 427 Lucam
1174 305 1175 312 ‘

219 545 224 570 '
253 531 257 544 s
354 557 494 624 Vulnere
508 556 605 622 letali:
619 580 678 624 nec
693 561 873 648 quenquam
888 563 1001 630 dextra
1011 565 1127 646 fefellit,

265 680 329 738 560
349 672 433 737 Cum
447 668 538 734 feriat
552 665 706 736 monente
720 693 828 737 manu.
843 695 902 738 nec
917 674 1029 740 vulnus
1043 677 1159 744 adactis

349 783 495 850 Debetur
503 781 628 871 gladiis:
644 805 826 868 percussum
841 798 888 850 est
901 778 1028 872 pectore
1040 788 1168 870 ferrum,

250 988 252 993 Ι
349 897 394 962 Et
402 895 521 985 jugulis
534 917 674 981 pressere
688 918 826 961 manum.
852 895 925 962 cum
940 912 1023 965 sorte
1037 914 1167 967 cruente

348 1010 511 1075 Fratribus
525 1009 688 1073 incurrant
702 1007 824 1088 fratres,
840 1015 1141 1100 natusquenparenti:

347 1115 449 1181 Haud
462 1113 641 1199 trepidante
655 1123 761 1178 tamen
773 1125 840 1179 toto
855 1138 927 1180 cum
942 1117 1083 1202 pondere
1097 1117 1209 1186 dextra

260 1227 323 1286 565
347 1219 493 1308 Exegere
508 1239 604 1283 enses.
619 1217 719 1303 pietas
732 1216 913 1284 ferientibus
926 1243 999 1300 una,
1092 1269 1095 1278 ,

346 1325 422 1391 Non
439 1324 597 1411 repetisse,
612 1321 681 1388 fuit.
692 1323 760 1408 jam
774 1322 845 1389 latis
858 1324 976 1390 viscere
989 1323 1077 1412 lapsa

275 1480 278 1486 .
347 1429 552 1496 Semianimes
567 1441 692 1493 traxere
706 1426 790 1506 foris,
807 1427 1003 1518 multumque
1016 1431 1137 1496 cruoris
1155 1509 1161 1521 .

344 1535 494 1601 Infudere
508 1533 598 1599 mari.
614 1533 794 1618 despectam
809 1555 936 1598 cernere
951 1533 1064 1614 lucem,

340 1642 547 1727 Victoresque
562 1659 634 1702 suos
648 1636 736 1701 vultu
751 1649 890 1723 spectare
905 1639 1053 1724 superbe,

256 1747 320 1812 sto
343 1745 388 1812 Et
403 1756 536 1809 mortem
553 1741 670 1806 sentire
679 1741 780 1826 juvat.
789 1741 857 1826 jam
872 1752 980 1829 strage
993 1753 1122 1810 cruenta

343 1849 545 1936 Conspicitur
559 1844 719 1912 cumulata
733 1845 820 1910 ratis:
837 1844 996 1932 bustisque
1010 1849 1172 1914 remittunt

340 1955 485 2040 Corpora
499 1951 643 2028 victores,
659 1949 791 2026 ducibus
805 1948 1001 2030 mirantibus,
1016 1951 1071 2016 ulli
1212 1951 1215 1958 '

341 2061 420 2125 Esse
434 2058 548 2125 ducem
563 2054 652 2120 tanti.
670 2053 789 2120 nullam
803 2055 923 2146 majore
936 2032 1045 2122 locuta
1058 2067 1104 2121 est

337 2166 405 2232 Ore
418 2176 529 2241 ratem,
545 2174 648 2227 totum
667 2159 844 2225 discurrens
857 2159 941 2225 fama
955 2183 1013 2248 per
1030 2161 1147 2226 orbem.

248 2269 311 2342 575
339 2273 416 2338 Non
426 2283 533 2336 tamen
547 2262 683 2357 ignavae
695 2276 767 2351 post
782 2265 851 2330 h'aee
866 2267 1010 2352 exempla
1023 2267 1163 2332 virorum
1185 2265 1188 2272 ’

337 2377 518 2462 Percipient
532 2384 651 2462 gentes,
667 2391 763 2457 quam
777 2370 897 2433 sitnon
911 2370 1011 2435 ardua
1025 2371 1124 2435 virtus

336 2483 506 2549 Servitium
520 2477 635 2566 fugisse
649 2495 756 2539 manu.
771 2471 826 2537 sed
840 2495 939 2562 regna
953 2475 1104 2542 timentur
1150 2519 1156 2530 „

336 2588 391 2654 Ob
406 2586 537 2661 fernum,
553 2593 585 2646 et
599 2579 689 2644 saevis
703 2576 831 2642 libertas
844 2577 948 2642 uritur
963 2579 1072 2644 armis:
1122 2581 1125 2586 '

334 2693 528 2782 Ignoratque
542 2685 644 2763 datos,
658 2705 702 2748 ne
714 2681 880 2769 quisquam
894 2683 1017 2762 serviat,
1033 2705 1131 2750 enses.

248 2808 312 2868 580
335 2797 440 2876 Mors,
455 2796 578 2862 utinam
591 2789 722 2878 pavidos
733 2787 807 2852 vitoe
821 2787 996 2854 subducere
1010 2789 1121 2869 nolles,
1179 2845 1181 2858 ,

333 2901 397 2970 Sed
407 2901 505 2965 virtus
520 2911 552 2962 te
565 2895 631 2960 sola
643 2893 743 2959 daret
788 2889 864 2956 Non
879 2895 1005 2981 segnior
1020 2893 1073 2958 illo
1176 2919 1181 2927 ·

331 3005 439 3072 Marte
452 3001 523 3082 fuit,
540 3000 594 3087 qui
608 3011 685 3064 tunc
695 2995 823 3084 Libycis
837 2997 953 3078 exarsit
967 2998 1001 3063 in
1012 2999 1102 3064 arvis.

270 3200 689 3250 Mmfflffi‘mfflffliffl
806 3212 927 3276 suscripta
944 3213 1037 3264 Lucani
1054 3211 1188 3264 Scholiasta
1201 3212 1271 3264 scribi
1281 3212 1345 3269 sides,

254 3303 310 3348 557.
325 3297 576 3356 —Mr'nimumque
587 3293 613 3339 in
624 3299 695 3339 morte
711 3291 772 3338 uiro·
805 3294 990 3356 Anguutariam.
1024 3292 1134 3344 Grotius!

223 3376 291 3443 nrm]
311 3372 351 3426 Ita
367 3390 397 3422 ex
417 3370 474 3423 MS.
496 3368 651 3419 restituimus.
691 3367 773 3416 Antea
837 3372 1347 3440 593,N0m1ump0,232m·s0,2·eumgffm

220 3460 268 3510 fuit
285 3459 437 3519 nimiumque·
472 3453 567 3502 Sensus
585 3450 638 3498 hic:
666 3449 773 3498 Minime
939 3456 1054 3516 gigantes,

219 3553 274 3602 pers
283 3533 431 3584 fortitudinis
441 3539 492 3579 erat
502 3535 734 3589 mortemoppetere.
745 3527 772 3574 ia
912 3517 1048 3581 Territum
1058 3530 1155 3594 Lapat
1166 3540 1266 3594 pamm
1276 3542 1346 3578 conce·

218 3620 271 3682 ipsa
287 3623 363 3664 morte
381 3609 516 3660 militariter
538 3622 651 3672 pugnare.
671 3605 698 3656 id
716 3621 772 3656 vero
799 3611 873 3672 pitin
884 3607 980 3674 annia]
998 3606 1065 3664 Quid
1075 3606 1120 3656 sibi
1128 3606 1181 3656 vult
1199 3605 1261 3656 illud
1272 3602 1346 3655 CON-

216 3697 272 3760 plus
281 3702 339 3744 erat.
373 3690 480 3739 Grotius.
805 3681 928 3734 CEPIT?
950 3688 994 3736 Au
1009 3693 1061 3746 post
1082 3681 1133 3734 hoc
1145 3684 1249 3733 Curioni
1264 3687 1347 3732 naum

250 3779 307 3824 562.
324 3798 389 3811 --
401 3773 460 3820 Cum
467 3775 527 3817 sorte
535 3775 633 3816 mutata
802 3773 931 3840 conceptus
938 3773 974 3813 est
986 3763 1101 3812 Antaeus?
1119 3763 1226 3828 Corrige,

322 3852 446 3902 Fratribus
464 3850 590 3896 incurrant
599 3841 714 3910 fruma]
731 3842 770 3892 11⁸
827 3838 1062 3932 Nossdummgmtoe
1068 3877 1316 3927 Teumas’oetsfltssutss

216 3930 377 3988 scribendum,
404 3944 464 3989 uon,
488 3931 620 3976 incurrunt.
662 3922 770 3973 Grotius.
826 3943 947 3982 Terribttsm
966 3941 1047 3991 libid·
1065 3944 1148 3990 imm
1170 3931 1349 3980 mmmm

216 4011 294 4061 Recte
312 4011 427 4058 sehabet
445 4009 592 4064 lacarruat,·
616 4011 644 4053 ut
661 4003 768 4070 plerique
847 4003 919 4042 sunu.
1239 4035 1243 4046 .

215 4103 300 4138 omnes
310 4084 551 4150 praferunrcodices
648 4139 650 4142 ¹
801 4078 841 4128 Sic
852 4080 953 4142 ubique:
973 4074 1151 4140 Virgiliusflne
1162 4072 1240 4138 quarti

247 4168 305 4214 585.
320 4167 386 4216 Inter
397 4165 521 4212 andriace
536 4178 628 4224 magna
645 4163 767 4226 Cartbagi-
824 4159 1334 4211 Nommmvumrroeerptmvarsoemueu

136 4230 141 4242 ‘
353 4246 392 4292 Μ’,
402 4257 476 4301 meg,
824 4231 945 4278 Abstulerat,
951 4229 1060 4280 Stygioque
1066 4230 1127 4277 ceput
1134 4225 1271 4264 damnauerat
1277 4221 1331 4260 oreo.

319 4325 354 4373 Es
366 4321 496 4389 asperim]
506 4317 599 4372 Iocum
615 4321 768 4386 Aquilariam
832 4323 888 4368 595.
906 4319 959 4366 Nec
969 4315 1101 4378 tumjusta
1112 4314 1167 4380 fisit
1179 4307 1344 4370 terrarumgls·

213 4410 298 4456 vocant
311 4400 412 4454 Caesaris
428 4400 603 4454 commentarit
621 4399 699 4451 sedin
714 4415 765 4450 sus-
798 4403 837 4452 rs‘e
851 4397 968 4465 Typhon]
987 4396 1050 4448 Vide
1066 4395 1139 4446 modo
1152 4391 1266 4445 orationis
1276 4387 1343 4438 filum-
