2984 5022
197 288 269 358 396
474 269 530 346 Μ.
558 267 764 345 ANNAEI
799 265 1025 346 LUCANI

311 488 444 564 Eneoat,
458 496 490 550 et
500 483 588 550 nulla
600 483 702 571 putris
716 483 823 559 radice
844 495 978 550 tenetur.

224 610 288 670 435
311 597 496 685 Temperies
510 597 612 664 vitalis
627 597 731 663 abest:
757 607 790 661 et
803 595 891 662 nulla
905 597 963 662 sub
977 595 1029 662 illa

311 706 399 772 Cura
412 699 500 770 Jovis
511 715 595 768 terra
609 714 671 768 est:
698 700 822 766 Natura
836 700 945 767 deside
956 713 1064 789 torpet

233 831 235 834 ·
311 809 422 888 Orbis,
435 820 467 874 et
481 808 620 873 immotis
634 828 753 872 annum
765 828 832 871 non
847 807 942 872 sentit
958 808 1070 872 arenis

313 916 392 982 Hoc
406 926 471 979 tam
486 935 582 1002 segne
596 912 699 978 solum
713 933 800 976 raras
815 924 920 977 tamen
939 913 1039 977 exerit
1053 911 1179 990 herbas,

200 1023 201 1028 ’
312 1022 403 1100 Quas
418 1020 581 1084 Nasamon
595 1040 674 1107 gens
688 1017 770 1082 dura
783 1017 873 1105 legit,
888 1018 943 1104 qui
957 1018 1104 1103 proxima
1118 1028 1219 1103 ponto

227 1139 292 1196 440
314 1127 430 1196 Nudus
440 1148 516 1192 rura
530 1137 626 1202 tenet,
639 1145 732 1210 quem
749 1122 861 1188 mundi
875 1123 1012 1189 barbara
1026 1123 1149 1188 damnis

317 1233 418 1321 Syrtis
433 1231 498 1298 alit.
526 1251 601 1294 nam
615 1228 747 1294 littoreis
761 1227 932 1315 populator
946 1230 1049 1294 arenis

316 1338 477 1415 Imminet,
487 1315 519 1400 el
532 1335 618 1432 nulla
632 1349 741 1421 pertus
756 1346 906 1424 tangente
920 1336 1038 1414 carina,

318 1444 418 1511 Novit
432 1463 516 1527 opes.
541 1441 586 1505 sio
601 1463 673 1505 curn
688 1451 757 1505 toto
771 1442 962 1523 opmmeroia
976 1441 1097 1508 mundo

318 1545 500 1635 Naufragiis
515 1546 712 1612 Nasamones
726 1544 854 1612 habeut.
881 1545 942 1612 hac
954 1547 1001 1611 ire
1016 1548 1170 1613 Catonem

233 1663 296 1722 445
319 1654 413 1742 Dura
422 1653 514 1739 jubet
527 1652 635 1716 virtus.
658 1650 724 1716 illic
737 1673 847 1718 secura
855 1651 1004 1737 juventus
1190 1648 1193 1654 ’

319 1759 508 1833 Ventorum,
524 1755 686 1842 nullasque
701 1756 815 1822 timens
826 1755 936 1822 tellure
949 1757 1113 1843 procellas,

321 1863 503 1950 AEquoreos
518 1873 564 1926 est
578 1883 669 1948 passa
683 1871 796 1925 metus.
826 1883 901 1937 narn
916 1860 1020 1926 littore
1034 1861 1128 1940 sicco,

323 1971 431 2048 Quam
444 1968 571 2058 pelago,
588 1967 689 2054 Syrtis
703 1965 870 2032 violentius
885 1967 1004 2053 exeipit
1018 1967 1182 2046 Austrum,

323 2075 367 2142 Et
381 2085 476 2139 terrae
493 2072 593 2160 magis
607 2071 660 2137 ille
675 2083 786 2148 nocet3
815 2093 880 2136 non
895 2072 1055 2137 montibus
1069 2083 1175 2138 ortum

230 2190 296 2252 450
318 2179 470 2248 Adversis
483 2177 601 2267 frangit
616 2176 728 2264 Libye,
743 2177 940 2264 scopulisque
953 2175 1112 2263 repulsum

141 2275 143 2283 ¹
240 2289 242 2298 ’
323 2286 480 2372 Dissipat,
490 2296 523 2349 et
535 2282 670 2370 liquidas
684 2306 703 2347 e
716 2282 844 2348 turbine
857 2283 950 2348 solvit
963 2284 997 2348 in
1012 2305 1122 2350 auras:

323 2391 394 2458 Nec
408 2391 472 2454 ruit
486 2389 520 2454 in
532 2388 643 2477 sylvas,
659 2409 841 2476 annosaque
855 2388 972 2454 robora
986 2401 1135 2476 torquens

324 2497 487 2574 Lassatur:
516 2506 605 2582 patet
623 2515 718 2559 omne
733 2493 848 2573 solum,
864 2493 1006 2582 liberque
1027 2505 1132 2560 meatu

325 2601 467 2669 AEoliam
481 2600 603 2667 rabiem
614 2600 688 2664 totis
702 2612 828 2666 exercet
841 2601 958 2666 arenis:

236 2717 299 2778 455
323 2709 367 2775 Et
380 2730 446 2773 non
461 2704 655 2771 imbriferam
666 2727 739 2771 cum
754 2715 840 2770 torto
853 2705 983 2791 pulvere
993 2706 1111 2772 nubem

323 2814 364 2880 In
378 2813 499 2878 flexum
513 2811 667 2877 violentus
681 2811 764 2899 agit:
795 2832 869 2896 pars
882 2810 1020 2897 plurima
1035 2824 1129 2876 terrae

325 2917 474 2996 Tollitur,
486 2927 523 2994 et
537 2937 701 3002 nunquam
717 2915 855 2981 resoluto
869 2917 985 2980 vertice
998 2916 1126 3002 pendet.

325 3025 444 3111 Regna
459 3019 544 3085 videt
554 3041 675 3106 pauper
689 3019 853 3086 Nasamon
867 3019 1004 3086 errantia
1025 3033 1132 3101 vento,

324 3129 551 3213 Discussasque
565 3124 694 3189 domos:
725 3124 920 3212 volitantque
934 3149 954 3190 a
968 3124 1106 3192 eulmine
1120 3136 1223 3214 raptae

237 3241 302 3301 460
324 3235 462 3301 Detecto
477 3230 677 3298 Garamante¹
686 3251 777 3296 casae.
793 3235 867 3296 'non
881 3230 974 3296 altius
988 3230 1070 3320 ignis

220 3453 395 3519 erratorum]
416 3452 516 3518 Corrige
536 3454 647 3508 Quorum.
672 3455 776 3509 Quorum
841 3455 1161 3517 asa-Panamara
1171 3463 1241 3504 terrae

217 3535 331 3588 roborum.
347 3545 395 3580 non
410 3532 674 3586 Quorumdr'vitiarum.
908 3532 1029 3598 Tolllrua]
1052 3531 1105 3581 Alii
1125 3531 1221 3581 eodioes
1242 3533 1360 3592 Marinae,

253 3615 311 3661 451.
330 3637 396 3648 —
410 3609 444 3658 Et
460 3609 693 3672 liquidoratorbr'na
710 3610 777 3658 soluit
809 3608 908 3674 quidam
935 3613 1035 3661 Ultimo.
1058 3611 1168 3673 Repone,
1186 3615 1249 3662 Para
1272 3612 1364 3662 extima

220 3688 360 3754 mauram]
371 3687 411 3736 lo
422 3685 553 3734 maluimus
563 3700 637 3749 quarn
648 3701 683 3735 re.
715 3685 777 3734 Gro·
810 3697 894 3738 terrm
912 3693 1081 3748 utmoul'tl.

223 3777 279 3818 ¹¹¹¹*
436 3847 442 3858 ,
496 3848 502 3858 ,
638 3843 645 3856 ,
731 3843 739 3855 ,
834 3821 1072 3838 -----
1083 3805 1233 3854 mooun·

255 3850 312 3896 455.
327 3847 363 3896 Er
373 3863 420 3896 non
432 3844 590 3910 ambrfiront]
610 3844 659 3892 Hrc
669 3859 719 3893 non
730 3859 776 3892 rm·
834 3865 940 3914 sugqun
948 3866 1097 3916 mmm

221 3924 337 4014 ''Q‘'
349 3925 384 4014 ,ὑφ’
395 3923 416 3973 ²⁹
426 3921 476 3987 ¹⁹⁸³
488 3921 566 4013 dim
580 3999 586 4014 .
601 3921 699 4012 ΨΜ
711 3922 778 3970 ‘³³¹¹'
812 3965 889 4023 meru
899 3967 964 4024 aaa
971 3966 1040 4024 aaa
1049 3966 1199 4024 exsatura,
1208 3967 1316 4022 uramur
1326 3966 1360 4016 a·

224 4017 275 4052 uon
285 4001 435 4050 rmbnferam
445 4001 496 4050 vult
507 3999 613 4066 rutellrgr
620 4015 675 4050 eam
686 4016 740 4064 quae
749 4016 778 4049 ax
822 4044 829 4057 ,

224 4081 305 4132 mnis
337 4088 437 4130 comm·
474 4079 580 4130 Grotius·
623 4080 725 4142 Rem
747 4094 776 4128 a
810 4052 891 4102 timus,
902 4045 1010 4102 intimus,
1021 4045 1132 4102 extimus,
1142 4043 1249 4092 tulimus.
1284 4044 1319 4091 At
1336 4043 1364 4090 iu

224 4158 582 4225 ‘terrestribus
810 4123 1006 4251 tntilli?
1021 4117 1367 4252 llfitnntffittt

249 4271 744 4334 Eteonimbrtterameratortopulratauub'em.
812 4280 851 4330 rii.
865 4283 921 4332 ⁵90.
1004 4235 1010 4260 l
1069 4217 1111 4268 Ψ
