2924 4986
180 325 253 392 aas
439 307 442 314 ’
482 313 541 433 M.
576 313 779 393 ANNAEI
813 314 1047 395 LUCANl

292 528 464 598 Effirudam
479 533 613 616 populos
627 532 687 598 alia
699 534 809 600 tellure
823 538 972 615 revulsos,

204 643 269 700 310
280 636 484 723 'Excitosque
498 638 561 702 suis
575 638 743 704 immittam
758 638 883 706 sedibus
898 653 996 706 ortus.

292 739 390 817 Quod
405 742 430 805 si
443 764 500 826 uos
516 741 586 808 an
600 741 688 820 fides,
705 760 737 808 et
753 743 895 810 Barbara
908 743 1021 811 fallunt

290 846 427 912 Foedera
435 875 446 924 ς
470 847 588 935 vulgati
604 871 698 932 snpra
713 851 901 915 commercia
916 851 1030 916 mundi

290 950 501 1042 Nauiiragium
518 953 659 1018 Fortuna
673 953 761 1018 ferat
779 975 857 1024 ¹non
873 977 972 1042 regna
984 956 1151 1040 precabor,

294 1055 378 1132 Quae
393 1056 475 1134 leci3
499 1057 554 1122 sed
568 1081 686 1146 magna
696 1057 795 1125 feram
810 1057 920 1124 solatia
935 1060 1046 1124 mortis,

204 1166 268 1225 315
293 1159 383 1227 Orbe
393 1164 502 1247 jacens
517 1162 588 1240 alio,
611 1163 656 1226 nil
671 1162 741 1228 haec
755 1163 788 1226 in
804 1162 948 1228 membra
961 1177 1100 1245 cruente,

291 1265 345 1330 Nil
361 1251 503 1334 socerum
518 1267 625 1332 secisse
638 1267 700 1352 pie.
730 1268 784 1332 sed
800 1280 914 1333 cuncta
929 1269 1090 1336 revolvens

288 1370 374 1436 Vitae
389 1372 453 1438 fata
467 1395 557 1450 mear,
575 1394 699 1459 semper
713 1373 899 1438 venerabilis
914 1373 968 1448 illa

289 1477 388 1543 Orbis
401 1491 492 1564 parte
508 1479 569 1544 fui:
593 1490 729 1565 quantus
742 1477 899 1544 Maeotida
914 1478 1031 1564 supra!
1134 1480 1137 1494 ’

293 1581 441 1659 Quantus
456 1585 541 1671 apud
558 1585 694 1650 Tanaim
711 1597 778 1650 toto
793 1602 979 1671 conspectus
993 1587 1026 1650 in
1042 1587 1134 1656 ortu!

203 1694 267 1751 320
291 1686 381 1764 Quas
396 1692 496 1778 magis
511 1691 544 1754 in
560 1703 659 1756 terras
673 1703 816 1756 nostrum
829 1691 971 1762 felicibus
985 1693 1063 1758 actis

290 1792 419 1858 Nomen
434 1795 509 1872 abit,
533 1808 590 1858 aut
603 1795 689 1860 unde
704 1795 787 1861 redit
801 1797 920 1882 majore
933 1797 1122 1884 triumpho?

290 1899 405 1978 Roma,
429 1897 497 1962 lave
513 1900 644 1984 ooeptis:
666 1899 741 1986 quid
758 1901 842 1964 enim
858 1901 916 1965 tibi
930 1901 1031 1966 laetius
1047 1926 1188 1990 unquam

290 2002 500 2069 Praestiterint
517 2005 642 2090 Superi,
666 2027 773 2091 quam,
798 2007 822 2070 si
835 2007 941 2074 civilia
958 2007 1078 2074 Partho

288 2109 395 2176 Milite
409 2108 491 2174 bella
505 2132 606 2198 geras,
630 2123 750 2176 tantam
766 2098 951 2178 consumere
965 2126 1103 2201 gentem,

202 2219 265 2278 325
292 2213 336 2279 Et
351 2215 466 2280 nostris
482 2216 612 2280 miscere
622 2207 741 2280 malis?
763 2239 834 2280 cnm
852 2217 987 2282 Caesaris
1001 2241 1090 2284 arma

226 2385 228 2390 ,
291 2321 495 2387 Concurrent
510 2321 627 2400 Medis,
652 2334 707 2388 aut
721 2346 772 2388 me
787 2322 929 2389 Fortuna
943 2347 1067 2390 necesse
1081 2339 1128 2392 est

286 2426 448 2506 Vindicet,
471 2439 525 2493 aut
542 2427 700 2493 Crassum.
732 2430 775 2494 sic
790 2428 880 2500 fatus,
905 2451 1069 2496 murmure
1084 2433 1179 2498 sentit

290 2533 464 2598 Consilium
481 2533 647 2599 damnasse
662 2534 755 2599 viros:
780 2557 859 2622 quos
874 2535 1030 2602 Lentulus
1044 2539 1163 2602 omneis

289 2637 424 2703 Virtutis
439 2638 581 2716 stimulis,
605 2648 637 2704 et
652 2639 814 2704 nobilitate
829 2639 956 2704 dolendi

202 2749 266 2808 330
291 2741 464 2820 Praecessit,
488 2743 662 2832 dignasque
678 2744 749 2809 tulit
764 2744 862 2810 modo
879 2744 1017 2811 Consule
1031 2769 1139 2813 voces:

332 2850 456 2914 Siccine
472 2849 663 2914 Thessalicae
679 2863 817 2918 mentem
831 2849 954 2938 fregere
967 2849 1093 2934 ruinae?

288 2953 365 3018 Una
379 2953 445 3016 dies
460 2953 572 3016 mundi
588 2955 751 3020 damnavit
764 2954 850 3020 fata?
872 2954 1046 3022 secundum

287 3055 468 3122 Emathiam
484 3057 521 3120 lis
532 3070 620 3122 tanta
634 3058 752 3124 datur?
768 3056 855 3146 jacet
867 3081 962 3124 omna
977 3061 1100 3128 cruenti

287 3161 437 3225 Vulneris
452 3159 630 3254 auxilium?
652 3163 734 3228 solor
749 3162 817 3243 tibi,
843 3164 974 3252 Magne,
999 3164 1124 3252 reliquit

199 3274 262 3331 335
286 3265 478 3333 Parthorum
497 3269 639 3334 Fortuna
654 3268 773 3357 pedes?
795 3269 870 3356 quid
889 3269 1051 3358 transfuga
1065 3269 1178 3336 mundi

282 3371 460 3438 ¹Terrarum
477 3385 559 3438 totos
574 3387 704 3452 tractus,
721 3373 898 3459 coelumque
912 3396 1052 3458 perosus,

288 3475 515 3564 Adversosque
529 3477 628 3564 polos,
653 3477 816 3564 alienaque
829 3477 932 3542 sidera
946 3478 1070 3564 quaeris,

243 3631 245 3637 .
287 3581 458 3647 Chaldaeos
472 3582 595 3648 culture
608 3583 695 3647 focos
706 3595 738 3648 et
752 3579 887 3647 barbara
898 3605 986 3648 sacra

286 3687 480 3754 Parthorum
495 3686 654 3753 famulus?
676 3689 751 3775 quid
767 3711 860 3753 causa
875 3687 1058 3754 obtenditur
1071 3687 1170 3752 armis

198 3802 261 3859 340
285 3795 457 3862 Libertatis
472 3792 586 3860 arnor?
608 3794 757 3858 miserum
773 3792 850 3880 quid
865 3792 983 3878 decipis
998 3793 1120 3871 orbem,

285 3900 320 3966 Si
336 3903 450 3966 servire
465 3897 579 3987 potes?
600 3911 644 3976 te,
661 3921 755 3986 quem
773 3899 920 3963 Romana
934 3909 1097 3987 regentem

285 4004 424 4073 Horruit
439 4007 592 4084 auditum,
614 4025 707 4092 quern
724 4016 833 4092 captos
847 4004 963 4076 ducere
979 4003 1085 4092 Reges

204 4195 261 4239 510.
283 4193 421 4256 Eacitosqua
436 4195 519 4260 ortua]
536 4193 725 4250 Parthosalioa·
775 4191 849 4244 '539.
874 4193 1005 4248 —Qm‘a
1015 4191 1328 4242 cuusuobtcndituramis

171 4285 218 4335 que
230 4269 337 4318 Orientis
347 4271 454 4332 populos
490 4274 597 4321 Grotius
741 4320 745 4331 Δ
857 4273 988 4322 Libertatis
1003 4267 1100 4334 amori]
1128 4267 1179 4316 Cur
1199 4266 1325 4316 libertatis

200 4355 256 4399 338.
274 4353 395 4400 chaldam
418 4351 602 4420 mdturefircor]
635 4351 724 4418 Ignem
759 4349 861 4398 tutelam
872 4347 929 4398 belli
945 4345 1164 4402 causamdicirnus,
1182 4343 1324 4394 aientem

165 4429 238 4480 dcam
254 4428 435 4480 Chaldaeorum.
467 4429 575 4481 Grotius.
757 4427 858 4494 imperia
868 4427 918 4492 pati
928 4425 1076 4490 possamus?
1108 4421 1215 4485 Grotius.

724 4515 742 4559 ὅ
