2928 4906
345 351 348 359 “
426 347 795 428 PHARSALIAE
828 351 1014 429 LIB.11.
1189 365 1254 428 111

235 563 340 652 Scipio
355 563 511 638 Luceriae:
527 587 710 654 quanquam
724 565 890 634 fortissime
903 571 1004 656 pubes

235 669 299 735 His
313 669 420 736 sedeat
433 672 551 749 castris,
562 671 753 758 jampridem
769 673 902 739 Caesaris
917 677 1012 740 armis

26 789 28 798 ’
150 776 211 840 475
234 773 426 842 Parthorum
441 775 596 842 subducta
610 788 711 842 metu:
734 799 807 864 quae
823 777 945 845 Gallica
959 780 1076 846 damna

235 880 398 968 Supplevit
414 879 564 970 Magnus,
580 880 720 969 dumque
733 883 800 968 ipse
811 884 853 948 ad
862 885 946 951 bella
960 897 1096 963 vocaret,

233 985 377 1052 Donavit
390 1007 499 1052 socero
516 987 657 1052 Romani
671 987 832 1076 sanguinis
846 1011 947 1056 usum.
1108 1011 1110 1018 ’

277 1090 325 1155 At
334 1101 365 1156 te
381 1089 505 1156 Corfini
519 1089 628 1156 validis
643 1091 827 1158 circundata
840 1095 939 1158 muris

203 1223 208 1232 ¹
235 1193 334 1260 Tecta
347 1205 457 1260 tenent
471 1215 602 1284 pugnax
615 1194 754 1262 Domiti:
768 1207 823 1261 tua
838 1197 963 1264 classica
978 1209 1080 1264 servat

150 1303 211 1362 480
233 1299 406 1386 Oppositus
419 1301 581 1386 quondam
596 1299 717 1386 polluto
731 1301 793 1366 tiro
809 1301 941 1368 Miloni·

227 1403 274 1472 Ut
287 1405 399 1492 procul
412 1404 600 1472 immensam
610 1427 724 1491 campo
738 1427 931 1494 consurgere
945 1407 1076 1486 unbem,

226 1509 446 1598 Ardentesque
459 1499 542 1578 acies
552 1509 705 1596 percussis
720 1509 785 1576 sole
799 1532 932 1577 corusco

25 1641 34 1668 .
147 1637 149 1642 .
232 1615 407 1703 conspexit
420 1615 501 1694 ιιι,
519 1614 605 1682 san
620 1615 788 1694 nenne,
804 1615 896 1695 uixit,
982 1635 986 1644 ’

231 1721 385 1788 Flmninis
399 1721 441 1786 ad
456 1721 553 1808 ripas,
570 1719 727 1808 undaeque
740 1721 917 1810 immergite
931 1733 1078 1808 pontem:

148 1833 208 1892 485
230 1827 274 1894 Et
287 1826 497 1894 tumontanis
511 1836 595 1896 totus
609 1847 696 1892 nunc
710 1825 850 1894 fontibus
864 1828 931 1907 exi,

229 1932 338 2020 Atque
352 1953 461 1998 omnes
475 1931 567 2001 mehe
580 1953 697 2022 gurges
711 1955 819 2019 aquas,
834 1944 871 1999 ut
884 1955 1032 2020 spumeos
1043 1933 1141 2002 alnos

228 2035 380 2104 Discussa
393 2057 548 2124 compage
561 2033 652 2102 feras.
666 2034 730 2102 hoe
744 2035 844 2102 limite
858 2037 977 2102 bellum

139 2165 141 2172 ·
230 2143 377 2222 Haereat,
393 2141 454 2206 hac
467 2141 567 2208 hostis
581 2141 683 2208 lentus
698 2153 782 2208 terat
794 2143 860 2207 otia
872 2143 951 2229 ripa.

228 2247 431 2334 Praecipitem
446 2245 590 2312 cohibete
604 2245 729 2312 ducem:
753 2246 885 2312 victoria
899 2248 993 2314 nobis

147 2362 205 2422 490
226 2354 297 2422 Hic
315 2352 454 2440 primurn
466 2361 551 2418 stans
567 2349 675 2416 cesar
689 2350 758 2417 erit
772 2371 834 2416 nec
845 2349 938 2436 pluro
951 2351 1086 2432 locutus,

224 2457 376 2528 Devolvit
390 2455 538 2543 rapidum
552 2454 762 2542 nequicquam
775 2453 933 2521 moenibus
941 2477 1074 2545 agmen.

225 2567 315 2634 Nam
328 2562 417 2650 prior
429 2585 450 2628 e
464 2561 593 2648 campis,
608 2571 646 2628 ut
659 2561 814 2648 conspicit
826 2583 922 2628 amere
933 2561 1039 2628 soluto

228 2670 353 2758 Rumpi
368 2670 477 2740 Coesor
492 2670 562 2747 iter,
577 2668 678 2736 calida
691 2669 832 2756 prolatus
847 2668 888 2733 ab
901 2667 960 2746 ira,

226 2779 307 2848 Non
321 2775 394 2842 satis
408 2773 566 2842 estmuris
579 2772 713 2842 latebras
726 2774 874 2860 quaesisse
886 2771 1017 2860 pavori?
1041 2797 1045 2806 ·

129 3003 218 3062 Veneta.
231 3003 396 3056 manissim-
412 3007 484 3050 recte.
509 3000 591 3050 cerer
611 3000 674 3050 Bell.
706 2998 907 3067 mesniegiones
915 2999 975 3053 dum
985 2999 1259 3070 rpudCararemerant,

128 3082 173 3132 Cir.
182 3083 215 3132 iii.
224 3086 268 3131 88.
276 3082 332 3130 Has
342 3077 624 3144 cohorterfinaissimcsoe
631 3081 675 3130 ia-
706 3095 757 3130 aon
766 3080 794 3130 iu
804 3083 876 3138 tellis,
888 3081 963 3130 sedin
974 3095 1032 3145 pace
1042 3089 1067 3131 et
1077 3081 1127 3131 otio
1136 3092 1246 3134 versatae.

17 3213 18 3220 ,
128 3163 469 3230 carminantem.
739 3164 795 3208 481.
813 3185 879 3199 —-
896 3164 981 3224 cumpo
1002 3177 1137 3224 consurgere
1158 3159 1260 3228 actm]

156 3251 201 3298 474
210 3273 277 3288 ....
287 3249 437 3310 Jamprram
449 3247 550 3296 emm
559 3249 634 3298 me,
702 3235 812 3287 'Colbsrt
824 3238 897 3300 prior,
910 3236 1005 3286 Arund.
1016 3246 1040 3286 et
1050 3237 1099 3286 duo
1116 3239 1260 3288 Βειειιιιιιιιί

216 3326 360 3374 Parthorum
376 3326 487 3376 subducto
503 3323 592 3391 metm]
609 3323 672 3374 Nos·
708 3319 809 3382 eampse,
822 3319 904 3375 Recte,
921 3317 1063 3366 sicetinira
1074 3323 1196 3370 tendes
1213 3333 1260 3369 nn·

127 3399 155 3448 tri
174 3417 257 3452 omnes
279 3401 454 3451 SEDUCTA.
480 3401 600 3452 utrumvis
620 3400 677 3452 satis
707 3395 880 3462 meropluraii.
1054 3429 1056 3434 .

128 3481 253 3530 commode.
264 3481 292 3529 in
311 3494 338 3528 re
354 3478 406 3542 pari
421 3479 532 3544 pluribus
552 3477 674 3530 codicibus
739 3475 1180 3542 sea—oauuapmuimtira]
1192 3475 1261 3534 Quid

128 3560 360 3610 auscultandumest.
707 3555 898 3619 estproietussb
913 3556 966 3605 ira?
979 3553 1084 3622 veiqnis
1095 3555 1129 3602 sic
1143 3569 1261 3618 umquem

156 3641 281 3688 476.--
288 3639 400 3704 Dumqroe
408 3641 495 3703 spread
502 3641 559 3689 bello
566 3637 673 3708 moeret]
705 3634 801 3684 locutus
812 3633 862 3683 est?
872 3633 933 3682 illud
944 3648 1040 3698 quoque
1046 3631 1184 3687 observabis,
1193 3629 1260 3680 dea.

129 3713 165 3764 Sic
180 3715 195 3766 i.
210 3723 267 3769 387.
290 3720 492 3782 stoecumquend
507 3719 565 3767 mila
576 3726 673 3768 noceret.
705 3727 731 3762 se
753 3711 779 3760 in
798 3711 1029 3775 orationeseqnonie
1047 3707 1147 3765 aenei
1169 3711 1260 3774 quuit-

126 3792 165 3842 sed
174 3793 246 3860 longe
262 3794 402 3860 elegantius,
413 3793 478 3859 quod
489 3795 516 3841 in
530 3794 675 3844 colbertinis
706 3795 749 3839 aut
759 3787 828 3838 valde
838 3781 914 3844 tutor,
925 3785 1141 3844 nordemannos,

127 3868 215 3960 ‹11erus
225 3880 356 3934 comparet.
366 3880 391 3920 et
405 3886 450 3934 pro
460 3871 525 3920 veri·
534 3871 637 3920 ¹0⁰²i01¹e
647 3871 675 3920 in
731 3895 1264 3953 eumprcmrta,ennraocrausruna

129 3943 332 4000 ranemund-
710 4001 887 4052 suniario

147 4069 262 4087 ·--
269 4053 359 4104 dumque
366 4051 501 4104 tpseadbeila
512 4051 645 4094 Venarni,
990 4089 997 4101 ,

129 4117 340 4192 numrompsus,
353 4125 676 4178 servanusmuneruusu·
731 4114 888 4158 mmm
904 4113 990 4158 imm·
1010 4113 1079 4157 vibi·
1091 4111 1207 4156 imi·
1222 4109 1262 4154 ΑΒ

128 4201 172 4260 ber,
182 4205 245 4254 beiio
256 4205 369 4256 Parthico
387 4213 486 4255 vacaret.
507 4204 574 4256 Illud
586 4215 677 4256 vocaret
755 4175 814 4216 ω’

131 4277 251 4332 nechabet
269 4282 424 4344 incommodi,
436 4283 501 4349 quod
515 4281 576 4334 saiso
585 4281 676 4347 signiti-
709 4284 734 4328 et
744 4276 776 4330 ix.
788 4282 826 4330 99.
