2984 5022
210 333 286 400 404
491 316 546 396 hi
580 316 789 396 ANNAEI
821 318 1049 397 LUCANI

230 549 297 610 620
320 541 444 608 Fertilis
460 544 494 608 in
508 553 636 622 mortes,
653 554 707 608 aut
722 541 800 630 quid
817 554 936 608 secreta
953 544 1081 608 nocenti

273 643 274 652 ¹
319 647 487 714 Miscuerit
502 649 626 715 Natura
637 649 716 727 solo,
732 671 798 714 non
813 670 901 727 cura,
916 649 1069 736 laborque

317 753 435 820 Noster
450 755 530 821 scire
543 755 640 821 vaiet:
664 755 725 820 nisi
739 755 825 842 quod
841 755 970 844 vulgata
980 777 1038 841 per
1052 756 1163 822 orbem

318 857 441 924 Fabula
454 882 514 946 pro
529 882 605 925 vera
619 860 744 946 decepit
758 859 862 924 secula
878 882 980 925 causa.

316 963 449 1029 Finibus
463 965 612 1030 extremis
628 963 756 1052 Libyes,
773 964 827 1029 ubi
842 963 964 1029 fervida
979 963 1070 1029 tellus

228 1073 290 1133 625
315 1069 443 1155 Accipit
459 1070 628 1137 Oceanum
641 1069 776 1136 demisso
788 1070 851 1134 sole
866 1069 1032 1148 calentem,

315 1176 509 1262 Squalebant
523 1177 586 1242 late
602 1175 824 1264 Phorcynidos
838 1198 914 1240 arva
930 1174 1089 1254 Medusae,

313 1280 391 1346 Non
406 1303 573 1346 nemorum
588 1294 731 1366 protecta
745 1303 846 1358 coma,
863 1302 929 1345 non
944 1280 1050 1344 mollia
1060 1280 1159 1358 sulco,

316 1385 381 1452 Sed
395 1385 535 1452 dominae
549 1386 638 1453 vultu
653 1389 828 1473 conspectis
843 1409 954 1473 aspera
968 1386 1062 1451 saxis.

314 1492 392 1558 Hoc
406 1493 545 1578 primunr
562 1493 686 1558 Natura
700 1514 818 1557 nocens
832 1492 867 1556 in
877 1513 1011 1578 corpore
1021 1513 1119 1557 saevas

224 1604 289 1662 630
311 1597 437 1664 Eduxit
449 1611 571 1685 pestes:
595 1598 655 1664 illis
670 1620 688 1663 e
702 1596 844 1663 faucibus
859 1621 979 1688 angues

312 1704 453 1770 Stridula
466 1703 617 1770 fuderunt
632 1703 761 1769 vibratis
776 1703 865 1768 sibila
880 1703 1005 1792 linguis,

309 1809 470 1874 Femineae
485 1809 539 1895 qui
555 1831 643 1874 more
658 1830 758 1874 comae
769 1831 826 1894 per
840 1820 933 1896 terga
947 1808 1051 1887 soluti,

308 1912 385 2000 ipsa
398 1914 599 2003 flagellabant
613 1912 782 2003 gaudentis
796 1914 876 1979 coila
888 1913 1047 1992 Medusae,

309 2019 454 2108 Surgunt
468 2018 600 2084 adversa
611 2018 765 2084 subrectae
779 2017 883 2085 fronte
898 2018 1047 2097 colubrae,

220 2130 284 2189 635
308 2124 544 2212 Vipereumque
556 2124 627 2190 fluit
640 2123 765 2211 depexo
780 2126 866 2190 crine
881 2113 1047 2190 venenum.

309 2228 391 2294 Hoc
404 2228 502 2294 habet
515 2229 636 2308 infelix,
652 2231 775 2296 cunctis
790 2230 931 2315 impune,
948 2227 1096 2307 Medusa,

314 2333 414 2412 Quod
429 2345 570 2420 spectare
584 2335 666 2401 licet.
690 2357 765 2400 nam
780 2335 887 2412 rictus,
904 2356 1024 2421 oraque
1039 2335 1171 2400 monstri

308 2439 390 2517 Quis
402 2438 534 2505 timuit?
548 2463 655 2527 quem,
672 2441 726 2527 qui
741 2453 829 2506 recto
844 2463 876 2504 se
888 2440 1008 2504 lumine
1022 2440 1112 2518 vidit,
1138 2431 1140 2442 '

306 2545 403 2610 Passa
418 2544 557 2611 Medusa
570 2546 653 2610 mori
667 2543 738 2626 est?
754 2544 860 2632 rapuit
873 2545 1052 2610 dubitantia
1060 2543 1134 2623 fata,

218 2656 283 2714 640
306 2651 529 2738 Praevenitque
544 2663 665 2716 metus:
686 2651 794 2716 anima
809 2651 931 2736 periere
946 2662 1070 2716 retenta
1149 2663 1152 2673 '

304 2755 473 2822 Membra:
497 2779 556 2823 nec
571 2758 693 2822 emissae
708 2757 832 2845 riguere
847 2756 906 2822 sub
921 2756 1042 2821 ossibus
1058 2754 1192 2820 umbrae.
1220 2783 1222 2788 ·
1329 2821 1332 2832 ,

302 2869 518 2935 Eumenidum
534 2871 636 2935 crines
651 2869 732 2935 solos
746 2892 874 2934 movere
889 2868 1025 2937 furoress

304 2973 463 3038 Cerberus
477 2973 612 3059 Orpheo
628 2974 739 3038 lenivit
754 2974 846 3047 sibila
857 2984 974 3040 cantu:

301 3076 606 3166 Amphitryoniades
621 3078 709 3157 vidit,
726 3101 799 3146 cum
815 3080 963 3157 vinceret,
985 3076 1158 3166 Hydram:

213 3191 277 3250 645
304 3183 383 3249 Hoc
398 3194 578 3248 monstrum
592 3184 698 3256 timuit
712 3186 850 3274 genitor,
867 3206 1050 3272 numenque
1064 3182 1239 3249 secundum

300 3288 446 3354 Phorcus
461 3287 561 3376 aquis,
579 3288 737 3378 Cetosque
751 3313 875 3377 parens,
892 3289 1033 3377 ipsaeque
1048 3311 1171 3354 sorores

211 3505 283 3546 Mam
294 3505 353 3547 vim·
367 3507 451 3554 habnt,
462 3503 670 3552 munuum
681 3509 744 3549 dente
878 3513 946 3564 Quod
962 3518 1067 3574 spectare
1090 3507 1164 3574 licet]
1182 3507 1241 3556 Hoc
1257 3523 1339 3557 unum

233 3564 378 3607 dmm·
775 3597 812 3638 est
841 3588 959 3644 Medusa,
990 3587 1055 3652 quod
1077 3583 1178 3647 impune
1206 3593 1339 3648 spectatur.

188 3635 272 3689 0⁰⁶ss
283 3639 594 3708 Andffliffistmmtub
606 3657 691 3692 (ΜΝ
698 3658 738 3694 ⁷0·
776 3666 857 3716 Crinis
868 3667 964 3715 scilicet.
980 3680 1038 3714 nam
1047 3664 1141 3714 vultum
1151 3679 1226 3712 nemo
1234 3665 1339 3726 impune

185 3732 213 3766 ro
230 3721 354 3769 Minatur·
377 3721 409 3770 In
417 3723 485 3770 dente
493 3724 598 3771 minatur
606 3729 689 3771 autem
700 3737 740 3772 oo-
774 3743 899 3808 „Imp
936 3743 1045 3793 Grotius
1067 3742 1125 3790 Non
1139 3741 1203 3803 cepit
1217 3741 1253 3788 vir
1264 3756 1334 3804 mag·

184 3792 232 3843 dax
250 3797 388 3847 Caianuaat
397 3797 500 3862 Collegii
512 3798 646 3848 Trinitatis.
664 3799 741 3849 Vides
773 3840 821 3874 nu,
835 3823 961 3874 semna„
971 3837 1081 3872 num
1115 3821 1147 3870 1„
1158 3835 1188 3869 ω
1196 3811 1281 3868 ῑὴῐρὶίι
1292 3827 1332 3868 at

184 3882 214 3921 ut
223 3877 341 3925 concinne
347 3878 431 3926 omnia
440 3877 574 3941 procedunt
585 3878 672 3927 eodem
683 3893 740 3928 casu
773 3903 885 3962 Medum.
905 3902 971 3968 quod
987 3901 1062 3950 cuivis
1081 3900 1138 3948 11002
1158 3908 1265 3962 ‚pacm
1275 3911 1332 3946 eam

182 3960 254 4079 ὠῐοοὸὶο,
263 3956 344 4013 Pestis,
354 3958 451 4015 Fatum,
461 3959 559 4006 Pocula.
593 3955 740 4006 Nosterviii.
771 3985 883 4049 impune·
906 3985 957 4042 Qui
974 3999 1031 4034 wo
1047 3983 1176 4047 Imm
1193 3997 1334 4044 nempe„

770 4063 826 4112 dem
839 4063 897 4120 ictu,
912 4061 997 4111 eodem
1008 4060 1117 4118 articulo,
1130 4066 1156 4108 in
1167 4057 1334 4109 saxumvarti-

203 4129 297 4171 ‘'¹¹¹³‘'
307 4143 372 4182 Μ*
385 4139 469 4184 ”mh
481 4135 622 4188 smmi!
638 4137 738 4187 “neuim
769 4150 948 4204 suspectatur,
961 4141 1098 4197 siuametu,
1110 4139 1163 4188 sine
1173 4138 1263 4194 doiore,
1279 4137 1334 4186 sine

228 4201 355 4246 'uma
769 4219 821 4267 ullo
835 4219 920 4268 mortis
936 4234 1014 4268 sensu.
1050 4218 1108 4267 Hoc
1125 4225 1228 4280 poscunt
1238 4225 1264 4264 et
1275 4230 1334 4279 pro·

213 4292 270 4338 636.
287 4289 735 4358 Hochabetinfelioe,sanctisimpunn
769 4298 834 4353 bant,
857 4313 911 4362 quaa
920 4313 977 4346 mox
994 4304 1134 4362 sequuntur.
1169 4295 1262 4344 Seneca
1273 4293 1333 4344 Nat·

310 4368 418 4426 Medusa.
769 4363 860 4433 Quart.
869 4375 902 4425 iv.
917 4392 968 4439 cap.
977 4375 1070 4436 ultimo,
1078 4374 1109 4425 de
1117 4373 1217 4424 homino
1223 4372 1331 4440 fulguri·
