2984 5022
164 451 169 476 Ι
227 345 300 414 sss
369 297 372 306 ’
526 323 585 408 M.
621 323 1080 408 uuumuucam

248 565 310 627 165
333 559 481 636 Dixerat,
497 566 529 622 et
542 556 672 622 classem
683 579 782 622 saevas
793 557 935 643 rapiebat
947 545 982 622 in‘
996 557 1108 625 undas.

337 662 402 731 scd
421 661 504 727 Cato
517 659 678 726 laudatam
688 663 813 748 juvenis
827 663 1017 747 compescuit
1028 665 1118 730 iram.

378 765 505 833 Interea
517 767 591 831 totis
602 765 711 832 auditu
724 765 835 832 funere
851 766 966 856 Magni
1066 797 1070 806 ¹

332 871 510 939 Littoribus
522 872 627 935 sonuit
640 893 805 956 percussus
818 871 995 957 planctibus
1010 873 1125 938 oeth'er:

333 975 556 1063 Exemploque
566 997 685 1053 careus,
701 987 733 1040 et
746 975 827 1040 nulli
837 977 982 1064 cognitus
996 997 1067 1040 oevo
1100 1015 1104 1022 ·

242 1083 309 1161 1⁷⁰
331 1082 454 1148 Luctus
468 1091 546 1158 erat,
566 1091 702 1144 mortem
715 1079 851 1168 populos
865 1079 981 1145 deflere
995 1081 1141 1166 potentis.

333 1186 399 1253 Sed
414 1186 523 1274 magis,
540 1192 576 1250 ut
589 1184 655 1249 risa
669 1197 716 1249 est
730 1183 897 1271 lachrymis
911 1183 1073 1264 exharrsta,
1090 1187 1206 1254 solutas

333 1292 374 1357 In
388 1289 493 1356 vultus
504 1288 601 1355 effusa
612 1311 729 1369 comas,
744 1288 892 1355 Cornelia
906 1273 1014 1377 puppe

331 1395 521 1485 Egrediens‚
537 1413 644 1459 rursus
657 1394 819 1482 geminato
831 1393 961 1460 verbere
974 1395 1139 1487 plangunt.
1178 1413 1181 1421 ·

332 1501 380 1568 Ut
394 1501 532 1587 primum
548 1501 581 1564 in
596 1500 690 1564 sociae
704 1499 846 1585 pervenit
860 1498 970 1566 littora
983 1512 1087 1582 terrae,

248 1616 307 1686 175
332 1612 469 1700 Collegit
482 1623 591 1690 vestes,
608 1611 775 1697 miserique
788 1611 925 1700 insignia
940 1609 1065 1701 Magni,

249 1730 252 1738 “
323 1727 500 1811 Armaque,
518 1735 549 1788 et
564 1725 730 1808 impressas
745 1743 836 1800 auro,
852 1741 930 1808 quas
940 1733 1078 1810 gemeret
1092 1723 1180 1802 olim,

333 1831 485 1907 Exuvias,
502 1830 664 1914 pictasque
679 1841 780 1916 togas,
793 1827 949 1894 velamina
963 1851 1087 1895 summo

332 1935 399 2001 Ter
414 1935 582 2020 conspec'tu
598 1923 680 2010 lovi,
697 1931 882 2020 funestoque
895 1933 1002 1999 intulit
1016 1936 1093 2024 igni.

331 2040 391 2105 Ille
401 2039 460 2106 fuit
474 2031 598 2104 miserae
614 2035 730 2126 Magni
740 2038 829 2102 cinis.
852 2037 966 2124 accipit
981 2042 1084 2106 omnis

249 2156 310 2214 180
332 2147 526 2234 Exemplum
541 2147 650 2231 pietas,
667 2157 700 2210 et
713 2156 782 2210 toto
796 2145 902 2211 littore
919 2146 1011 2213 bustu

331 2254 475 2340 Surgunt
488 2249 676 2315 Thessalicis
687 2249 852 2315 reddentis
865 2252 1010 2317 manibus
1023 2252 1139 2343 ignem.

332 2357 401 2434 Sic,
413 2356 470 2420 ubi
484 2355 620 2441 depastis
633 2353 817 2420 submittere
828 2355 973 2444 gramina
987 2361 1117 2444 campis,

331 2460 376 2527 Et
390 2481 542 2525 renovare
556 2480 672 2546 parans
686 2459 843 2545 hybernas
855 2461 1001 2546 Appulus
1016 2461 1139 2543 herbas,
1207 2516 1211 2524 .

330 2565 412 2655 Igne
421 2565 506 2630 fovet
520 2575 631 2642 terras,
647 2563 741 2629 simul
756 2575 788 2628 et
803 2563 985 2652 Garganus,
998 2581 1030 2633 et
1044 2591 1119 2636 srva

245 2677 306 2737 185
328 2669 485 2748 Vulturis,
501 2679 533 2734 et
547 2667 638 2734 calidi
653 2667 761 2732 lucent
774 2667 886 2733 buceta
904 2669 1031 2737 Matini.

330 2775 409 2842 Nou
423 2786 530 2840 tamen
546 2773 587 2839 ad
603 2771 719 2862 Magni
733 2774 879 2859 pervenit
892 2776 1011 2862 gratius
1025 2778 1184 2858 umbram,

330 2879 438 2945 Omne
453 2878 538 2965 quod
554 2879 586 2942 in
605 2879 743 2963 Superos
753 2875 850 2942 audet
864 2879 1005 2945 convicia
1020 2881 1139 2971 vulgus.

329 2981 580 3070 Pompeiumque
590 2981 668 3046 Deis
683 2981 790 3058 obicit,
806 3003 902 3068 quam
917 3005 1018 3068 pauca
1028 2986 1160 3054 catonis

332 3087 449 3165 Verba,
465 3085 520 3152 sed
532 3110 551 3151 a
565 3085 660 3172 pleno
674 3084 830 3152 venientia
845 3099 975 3172 pectore
990 3092 1064 3156 veri.

245 3200 307 3260 190
330 3192 417 3260 Civis
431 3191 499 3257 obit
514 3192 642 3278 (inquit)
657 3191 759 3258 multo
768 3191 941 3280 majoribus
955 3194 1059 3282 impar

490 3405 665 3456 tumrurpoenu
807 3397 854 3446 hcc
864 3405 907 3453 eu,
919 3396 1093 3448 Alexandrum
1109 3415 1197 3458 versus,
1218 3403 1285 3468 quod
1294 3419 1366 3458 eom.

292 3466 430 3508 ΜΝ·
720 3491 733 3530 x
806 3475 968 3524 minatusest.

223 3555 404 3606 Ncmetversu
424 3557 540 3619 proximo,
558 3559 669 3621 suusque
688 3561 780 3608 tumbis·
842 3556 894 3601 185·
917 3577 983 3593 -—
1005 3553 1096 3604 Bausta
1118 3555 1231 3625 moratu]
1266 3558 1308 3609 ste
1326 3561 1366 3610 le-

220 3637 365 3700 AEgyptum,
383 3639 481 3700 genitur,
500 3634 609 3700 plerique
628 3635 773 3686 codicesha.
807 3629 930 3692 gendum:
950 3645 1000 3679 nou
1011 3634 1101 3681 tuceta.
1134 3633 1242 3684 Grouus

220 3716 278 3763 bem
293 3716 395 3763 Tenem,
839 3713 894 3758 192.
905 3710 952 3759 Cui
960 3725 1007 3759 uon
1018 3708 1195 3773 ullafuitjusti
1203 3718 1335 3764 remmia
1343 3715 1370 3783 .·]

255 3795 309 3841 165,
325 3793 430 3862 pharae,
447 3801 470 3842 et
488 3793 585 3841 clauum
603 3807 674 3840 saeva,
692 3796 771 3856 rapte.
806 3789 877 3843 AEvu,
890 3791 930 3836 cui
946 3804 993 3837 uun
1010 3790 1291 3858 reverenticjastifuit?
1310 3795 1364 3842 uti-

220 3871 260 3918 hat
279 3870 305 3918 ia
329 3869 425 3936 undas]
454 3867 506 3918 Cur
524 3872 691 3924 morundus,
713 3885 771 3918 eum
804 3864 996 3928 quetidfflw
1006 3865 1156 3924 hoeffiwffls
1167 3867 1367 3921 dicendumne

223 3947 369 3994 Moderaticr
381 3948 464 3996 Eume
475 3962 497 3995 r.
511 3949 565 3995 117.
578 3945 631 4010 jqrn
649 3956 703 3996 tum
721 3947 770 3996 ira·
808 3945 865 3998 (ἔνο.

219 4031 314 4073 temam
325 4023 424 4074 clasoem
440 4025 468 4073 iu
485 4033 583 4100 portum
601 4026 704 4088 egerat?
719 4026 770 4075 Rc·
839 4027 893 4072 196.
908 4025 1010 4086 Quaeque
1020 4025 1076 4072 dari
1085 4025 1163 4080 coluit,
1172 4027 1244 4074 voluit
1254 4028 1300 4076 sibi
1305 4035 1366 4090 poe.

102 4160 106 4170 ⁴
219 4100 305 4158 mauis,
316 4102 365 4165 qui,
376 4117 432 4150 cum
444 4102 533 4151 coelum
543 4111 669 4159 servarent,
681 4104 708 4162 in
720 4119 771 4152 me·
806 4117 830 4151 se
839 4099 941 4168 negari]
966 4101 1076 4150 Velleius
1086 4101 1118 4150 de
1127 4102 1213 4152 eodem
1224 4106 1270 4153 hcc
1281 4105 1366 4156 Pom-

218 4175 306 4227 ridiem
322 4193 348 4226 se
359 4188 484 4236 verterent,
505 4179 587 4229 Eurus
597 4180 646 4229 sire
659 4180 772 4232 Oriens·
804 4178 872 4239 peior
890 4175 1002 4241 potentiue
1013 4195 1067 4244 quoe
1077 4183 1171 4231 lionoris
1182 4197 1253 4231 cuma
1264 4185 1296 4231 aa
1307 4201 1365 4235 eum

218 4257 280 4307 lora
295 4265 353 4318 erat,
373 4274 388 4308 s
406 4257 490 4308 dextra
510 4259 636 4309 Occidens.
670 4260 772 4324 Repous
804 4257 940 4320 deferretur,
958 4275 1007 4307 nun
1021 4268 1048 4306 ut
1059 4261 1089 4308 ab
1105 4275 1130 4309 ec
1141 4271 1301 4323 occuparetur,
1319 4279 1364 4313 ω·

219 4337 302 4404 igitur,
683 4337 686 4344 '
800 4337 946 4398 plerissimus.
979 4335 1013 4384 Et
1029 4336 1060 4385 de
1077 4336 1163 4387 wdem
1182 4339 1266 4388 Dium
1293 4342 1364 4404 ίμὶι

241 4437 330 4483 nixuu
341 4442 363 4482 et
371 4440 456 4484 um
464 4438 564 4484 th
569 4442 659 4494 „piem
667 4442 690 4486 in
697 4443 771 4486 „nm
805 4417 924 4482 noueris
935 4419 988 4486 rag·
1001 4418 1091 4471 tainus
1107 4420 1249 4487 usipetes«
1260 4421 1300 4471 ul
1319 4423 1366 4472 tte.

796 4536 814 4581 4
