2924 4986
76 381 91 412 κ
195 349 267 434 als
469 349 524 426 Μ.
549 347 762 426 'ANNAEI
796 347 1020 427 LUCANI

212 571 233 640 ’ζ
304 563 388 629 Ense
401 575 503 648 petat:
517 562 622 650 medio
636 562 741 648 posuit
755 559 844 628 Deus
858 563 965 628 omnia
979 583 1104 650 compo,

280 669 406 733 ‘Causa
414 668 505 753 jubet
516 667 624 734 melior
640 669 777 752 Superos
791 688 915 758 sperare
926 669 1088 734 semrndos.

218 782 281 839 :350
304 773 370 858 lpsi
384 773 447 836 tela
460 785 571 860 regent
584 795 641 858 per
656 773 773 838 viscera
788 772 934 850 Caesaris,
948 773 1009 858 ipsi

209 907 231 952 ,r
275 935 279 942 .
304 881 461 944 Romanas
476 879 596 952 saueius
610 877 716 944 volent
729 877 791 942 hue
806 877 958 964 sanguine
972 877 1068 965 leges.

302 985 336 1048 Si
351 1005 459 1048 socero
474 983 655 1068 dsreregna
668 1005 751 1059 meo,
766 983 984 1066 mundumque
998 993 1158 1066 pararent,
1190 1019 1195 1029 ·

304 1086 508 1172 Praeoipitare
522 1107 625 1152 meam
638 1085 710 1150 fatis
724 1097 854 1170 potuere
868 1097 1035 1150 senectam.

303 1169 380 1257 Nori
395 1193 547 1256 iratorum
560 1191 685 1276 populis
700 1191 832 1277 urbique
847 1190 992 1256 Deorum
1006 1202 1053 1255 est
1075 1199 1077 1204 '

102 1313 111 1336 ⁹
219 1303 281 1362 355
306 1297 494 1380 Pompeium
508 1280 630 1362 servare
644 1294 766 1360 ducem.
781 1317 854 1380 quse
866 1296 993 1360 vinoere
1006 1306 1133 1380 possent

307 1401 426 1468 Omnia
440 1395 636 1466 contulimus.
652 1400 774 1464 subiere
788 1399 926 1484 pericula
941 1399 1019 1466 uluri

307 1507 427 1592 Sponte
437 1507 505 1581 viri,
521 1527 670 1590 sacraque
682 1506 829 1591 antiquus
839 1505 976 1591 imagine
985 1503 1083 1568 miles.

309 1611 474 1678 Si'Curios
487 1609 608 1676 bisfuta
621 1608 746 1686 darent,
762 1599 952 1696 reducesque
964 1608 1113 1674 Camillos

305 1715 527 1801 Temporibus,
543 1713 721 1800 Deciosque
734 1724 829 1798 eaput
842 1713 935 1778 fatale
949 1725 1106 1792 voventes,
1178 1752 1182 1760 ·
1212 1716 1215 1724 '

222 1827 285 1887 360
308 1820 400 1885 Hinc
414 1832 544 1884 sterent.
557 1818 661 1902 primo
676 1829 784 1905 gentes
796 1819 918 1882 oriente
932 1830 1059 1900 coactae,

305 1925 548 2009 Innumeraeque
561 1923 666 2001 urbes,
681 1934 813 2008 quantas
823 1924 857 1987 in
872 1925 981 2008 praelia
997 1943 1160 2011 uunquam

308 2029 463 2096 Excivere
478 2051 599 2094 manus.
615 2040 682 2093 toto
698 2029 790 2092 simul
804 2030 923 2093 utimur
937 2029 1023 2094 orbe.
1062 2073 1070 2092 .

304 2133 466 2220 Quicquid
481 2132 618 2221 signiferi
633 2155 852 2218 comprensum
861 2131 959 2198 limite
973 2133 1042 2198 ouali

310 2239 376 2304 Sub
393 2239 515 2316 Notou,
529 2251 560 2304 et
575 2239 702 2304 Borean
715 2238 880 2302 homiuum
896 2261 1012 2315 sumus,
1028 2259 1116 2302 arma
1130 2253 1308 2304 movemus.

222 2351 283 2410 365
308 2344 426 2410 Nonne
441 2343 607 2428 superfusis
622 2345 786 2409 collectum
800 2343 949 2408 cornibus
963 2344 1086 2410 hostem

306 2449 347 2514 In
360 2449 500 2512 medium
509 2447 800 2532 dabimus‘l'paucas
813 2449 944 2526 victoria
957 2447 1084 2514 dextras

310 2545 439 2641 Exigit:
455 2565 488 2618 at
500 2553 604 2639 plures
617 2563 740 2618 tantum
755 2553 890 2617 clamore
900 2563 1034 2616 catervae

260 2723 263 2728 ,
308 2657 399 2722 Bella
409 2669 528 2746 gerent.
552 2657 659 2722 Caesar
673 2658 786 2722 nostris
799 2655 1109 2726 nonsuffioitarmis.

309 2761 436 2829 Credite
451 2762 622 2847 pendentes
637 2785 655 2826 e
669 2761 796 2825 sunimis
811 2760 966 2826 moenibus
980 2760 1066 2825 urbis

207 2865 285 2930 ‘370
309 2867 458 2931 Crinibus
473 2867 576 2930 effusis
587 2867 707 2930 hortari
722 2867 754 2929 in
770 2867 879 2952 praelia
893 2877 1016 2931 matres.

306 2969 435 3035 Credite
449 2971 663 3057 grandaevum,
680 2972 872 3058 vetitumque
889 2983 981 3034 aetate
998 2972 1149 3036 Senatum

308 3075 410 3138 Arma
425 3075 520 3158 sequi,
537 3096 640 3138 saevos
656 3075 788 3161 pedibus
798 3088 996 3162 prosternere
1005 3098 1111 3142 canos:

247 3173 253 3180 ⁸
307 3181 415 3264 Atque
428 3179 528 3263 ipsam
542 3177 662 3243 domini
676 3193 866 3246 metuentem
880 3175 1044 3246 occuriere
1060 3183 1209 3248 Rumam.

307 3281 446 3361 Credite,
464 3283 516 3370 qui
532 3305 616 3348 nunc
630 3297 687 3363 est,
703 3285 865 3372 populum,
877 3287 1088 3372 populumque
1097 3285 1240 3352 futurum

219 3391 259 3456 37
263 3396 280 3454 5
305 3389 473 3454 Permistas
484 3388 595 3454 afferre
608 3413 725 3475 preces.
741 3391 810 3456 haee
824 3392 924 3458 bbere
938 3392 1036 3468 nasci,

308 3493 393 3559 Haec
409 3495 474 3558 vult
485 3496 577 3559 turba
591 3497 684 3586 mori.
700 3497 725 3560 si
737 3497 805 3583 quis
819 3508 891 3582 post
904 3497 1039 3584 pignora
1053 3505 1141 3560 tanta

305 3600 459 3685 Pompeio
474 3599 560 3664 locus
574 3612 630 3680 est,
648 3624 720 3667 cum
735 3601 833 3692 prole,
850 3615 881 3667 et
896 3603 1029 3692 conjuge
1044 3601 1188 3688 supplex,

306 3705 435 3790 Imperii
450 3704 532 3768 salva
544 3705 570 3768 si
583 3707 744 3792 majestate
757 3707 875 3786 liceret,

227 3925 283 3969 542.
294 3923 391 3976 Sublimi
405 3931 523 3984 prouectus
537 3939 593 3985 equo
602 3921 626 3989 .·]
643 3923 747 3991 Repone¹
914 3921 1007 3972 ffissssiitli
1015 3921 1152 3972 “tiffltwli-

100 4057 103 4066 ι
197 3996 652 4056 exaliiscodicibusPRAEVECTUS
665 4018 732 4066 equo.
776 3995 881 4053 Qu'idflm
894 3995 994 4046 0οἆῑοθῦ
1006 3997 1121 4047 CYCLI·
1149 3995 1218 4062 Ikge
1230 3995 1339 4050 STEL·

227 4075 282 4120 557.
305 4100 369 4114 -—·
385 4079 499 4142 Sacraque
510 4081 621 4142 atttiquus
642 4082 744 4142 imagine
775 4073 906 4124 Litium.
940 4075 996 4124 Seu.
1013 4077 1171 4136 NubQuaest.
1188 4075 1218 4124 vi.
1231 4081 1268 4125 11.
1285 4079 1336 4128 Co-

193 4147 279 4214 mites]
296 4149 410 4200 Libenter
418 4155 470 4201 haeo
481 4156 662 4216 mutaverimin,
778 4161 852 4202 metm
880 4170 927 4202 nou
948 4157 974 4204 in
998 4171 1047 4204 uno
1075 4157 1127 4203 eoelt'
1151 4163 1222 4216 porte
1253 4159 1359 4217 amici.

219 4275 295 4325 sponte
313 4277 360 4323 viri,
371 4279 412 4319 ET
428 4248 529 4324 mm
550 4285 745 4330 mmmm
776 4247 819 4280 nec
835 4234 860 4280 in
877 4231 991 4324 signifero
1008 4243 1101 4284 tontum
1121 4235 1178 4323 orbe,
1192 4235 1232 4322 sed
1242 4242 1291 4282 tout
1305 4237 1339 4285 in

244 4337 334 4387 imagine
341 4339 406 4378 mue&
776 4319 904 4374 ortuquom
916 4311 1241 4378 moccoau,frequmttsstme
1251 4319 1340 4364 tom

776 4393 840 4440 eirca
862 4396 1044 4454 septentrionem.
1081 4393 1154 4440 Hem
1175 4393 1234 4441 Fur·
1261 4397 1340 4443 ¹²04·

226 4453 283 4540 ¹365.
303 4454 420 4516 Quicquid
430 4455 540 4522 stgnfin'
548 4474 705 4526 comprensum
715 4467 746 4516 ti·
778 4471 884 4534 stelliger
893 4476 995 4525 muudus
1003 4482 1073 4536 must,
1086 4469 1272 4540 ubilegendum,
1285 4473 1339 4524 Το-

199 4529 328 4596 matema]
342 4531 557 4592 solemnitate
779 4556 826 4598 me.
1321 4543 1332 4556 '

768 4632 786 4675 4
