2984 5022
376 287 738 366 insessum
774 288 884 395 nm.
912 289 1027 365 vin.
1090 366 1092 374 ,
1197 300 1269 368 sss

155 505 217 564 590
240 497 374 582 Effudit,
389 503 494 588 prima
507 503 626 590 pendet
634 515 741 568 tamen
756 503 852 568 anxis
862 525 985 592 puppe:

244 603 454 692 Attonitoque
468 619 556 672 metu
570 630 630 672 nec
644 629 806 694 quoquam
821 621 962 674 avertere
975 608 1068 687 visus,
1142 687 1145 695 ¹

185 765 199 782 .,
240 709 310 774 Nec
327 709 486 799 Magnum
499 725 640 798 spectare
654 723 767 798 potest.
791 713 877 780 stetit
894 715 991 779 anxia
1005 714 1121 792 classis,

241 814 295 880 Ad
310 815 399 880 ducis
413 829 569 890 eventum,
588 830 730 882 metuens
743 840 809 882 non
821 841 921 898 arma,
933 817 1092 907 nefasque3
1141 849 1159 910 j
1237 849 1238 854 ¹

245 919 309 986 Sed
323 943 364 986 ne
378 922 537 988 submissis
548 923 694 1010 precibus
710 923 881 1010 Pompeius
895 923 1006 990 adoret

159 1030 222 1090 595
247 1027 379 1114 Sceptra
394 1027 578 1094 suadonate
592 1051 700 1096 mann.
722 1029 855 1094 transire
870 1042 1035 1116 parantem
1091 1047 1094 1052 ’

245 1131 410 1228 Romanus
422 1134 540 1201 Pharia
553 1133 641 1200 miles
655 1133 696 1198 de
709 1156 817 1220 puppe
827 1134 940 1200 salutat
961 1193 966 1205 .

243 1237 424 1322 Septimius:
448 1240 512 1326 qni,
525 1263 585 1326 pro
600 1261 747 1324 superum
761 1238 875 1324 pudor,
891 1261 980 1308 arma
994 1239 1126 1306 satelles

248 1343 349 1430 Regia
364 1344 507 1432 gestabat
521 1345 624 1429 posito
638 1341 793 1435 deformia
807 1343 882 1428 pilo,
1008 1427 1011 1436 ,

241 1447 403 1526 Immanis,
419 1450 582 1526 violentus,
598 1463 702 1525 atrox,
712 1447 866 1534 nullaque
877 1447 1014 1514 ferarum

152 1560 218 1616 600
244 1552 359 1618 Mitior
373 1555 408 1618 in
422 1553 533 1618 caedes.
556 1553 627 1640 quis
640 1575 719 1630 non,
736 1553 889 1632 Fortuna,
905 1565 1044 1638 putasset

245 1658 380 1724 Parcere
394 1673 426 1724 te
439 1659 576 1746 populis,
591 1659 678 1746 quod
693 1659 775 1750 beilo
789 1658 859 1724 haec
870 1639 984 1725 dextis
998 1675 1146 1741 vacasset,

241 1763 467 1852 Thessaliaque
478 1765 589 1850 procul
603 1777 668 1830 tom
682 1765 780 1830 noxia
790 1764 852 1830 teln
866 1764 1023 1854 fugasses?

242 1868 396 1956 Disponis
410 1869 544 1960 gladios,
560 1891 678 1956 nequo
692 1881 761 1936 non'
772 1868 828 1936 fiat
843 1870 877 1934 in
887 1871 975 1952 orbe,

244 1974 332 2055 Heu,
349 1977 469 2043 facinus
483 1977 574 2042 civile
582 1978 650 2042 tibi.
673 1977 844 2044 victoribus
852 1978 934 2064 'ipsis

153 2091 218 2148 605
242 2082 402 2160 Dedecus,
419 2095 450 2147 et
464 2104 628 2168 nunquam
645 2083 802 2166 Superum
818 2082 957 2147 cariture
966 2082 1106 2168 pudore

242 2185 375 2264 Fabtda3
394 2187 560 2252 Romanus
576 2185 659 2274 Regi
673 2185 717 2249 sio
729 2186 836 2270 paruit
846 2185 938 2263 ensis,

246 2292 443 2379 Pellaensque
451 2314 532 2380 puer
545 2289 652 2380 gladio
666 2290 725 2356 tibi
735 2289 816 2356 oolla
825 2290 947 2370 recidit,

246 2397 382 2486 Magne,
396 2411 461 2463 tuo.
488 2419 552 2485 quo
561 2396 727 2483 posteritas
741 2396 776 2458 in
791 2395 894 2460 secula
907 2395 1013 2462 mittet

246 2503 434 2588 Septimium
446 2499 549 2566 fama?
571 2500 670 2566 scelus
685 2499 748 2566 hoc
757 2523 821 2587 quo
835 2501 965 2566 nomine
979 2500 1096 2581 dicent,

154 2617 223 2674 610
247 2606 315 2684 Qui
330 2606 422 2673 Bruti
437 2606 547 2671 dixere
561 2604 665 2670 nefas?
682 2606 750 2690 jam
766 2617 894 2672 venerat
908 2605 999 2672 horae
1122 2673 1125 2678 ,

243 2711 417 2778 Terminus
429 2724 593 2788 extremae,
610 2710 824 2796 Phariamque
838 2710 960 2776 ablatus
974 2712 1009 2778 in
1024 2711 1133 2778 alnum

241 2814 428 2883 Perdiderat
437 2816 505 2901 jam
514 2816 590 2904 jura
603 2815 660 2880 sui.
683 2827 751 2880 tum
766 2816 921 2905 stringere
931 2816 1050 2884 ferrum
1112 2823 1115 2838 ⁸

245 2921 349 3010 Regia
362 2932 505 2986 monstra
518 2931 642 3008 parant
665 2933 701 2986 ut
716 2919 794 2986 vidit
808 2923 985 2988 comminus
1000 2945 1099 3002 enses,
1133 2969 1136 2979 s

246 3027 384 3094 Involvit
398 3026 513 3096 vultus:
545 3040 639 3114 atque
648 3027 832 3116 indignatus
846 3041 992 3114 apertum

132 3117 138 3124 ³
154 3139 222 3200 615
245 3133 398 3200 Fortunae
411 3131 555 3218 proebere
569 3144 675 3217 caput,
692 3145 768 3197 tunc
782 3133 902 3199 lumina
915 3135 1038 3220 pressit,

249 3238 478 3324 Continuitque
489 3234 638 3314 animam,
654 3257 696 3302 ne
710 3258 787 3323 quas
801 3235 964 3304 effundere
979 3259 1070 3310 voces

131 3449 205 3510 Quid
216 3463 274 3498 vero
284 3457 320 3497 est
332 3451 392 3518 Fiqt
405 3449 467 3498 tibi?
502 3447 616 3512 Quidque
628 3449 692 3504 Heu,
725 3447 821 3497 Auctor
831 3448 863 3498 cd
873 3449 975 3507 Liviam,
989 3453 1044 3500 174.
1158 3511 1161 3520 Δ

130 3532 182 3582 nisi
194 3531 230 3580 ad
240 3533 348 3582 Facinus
356 3530 482 3595 jungatur.
506 3529 579 3578 ovio
591 3530 694 3578 Metam.
750 3535 897 3576 moranno
909 3546 999 3586 perque
1005 3537 1201 3583 victoriunnserse

129 3609 236 3660 viitss.
725 3610 813 3658 Noster
829 3615 920 3660 msto
1103 3625 1104 3628 ’

154 3709 645 3820 ffiffirfflmmmm
747 3713 1277 3771 ffimmdutmcmtxghdtcmleoenpepmdjt.

728 3803 836 3869 Corrige,

129 3861 242 3914 Heroid·
251 3859 300 3932 xri,
311 3871 356 3919 ct}

772 3905 976 3945 —nequouon
989 3896 1112 3938 flattnorbe

157 3957 616 4010 nmmuntmnosnusnoeutustns
774 3955 831 4005 (Heu
838 3957 925 4008 ndum)
933 3956 993 3996 ctvtle
1001 3955 1098 3998 NEFAS.

154 4027 269 4066 Mn*
603 4079 606 4084 .
650 4071 652 4074 -
728 4041 816 4091 Noster
825 4043 865 4092 vii.
881 4047 937 4090 saa

131 4115 225 4162 Am·
241 4111 258 4160 i·
269 4108 333 4184 ⁶1²³
750 4149 811 4200 Quod
821 4149 903 4200 mglens
917 4147 977 4188 civile
991 4153 1057 4200 mas,
1079 4153 1211 4204 redituraque
1224 4166 1276 4198 nun-

155 4229 657 4314 Heufccinnttpromeunucvslstfflnwun·
732 4219 855 4314 122..

135 4337 200 4386 Arte
213 4333 324 4383 Amandi
335 4336 351 4384 i.
364 4340 418 4386 ⁷51.
728 4347 880 4401 Claudianus
891 4342 919 4393 ii·
928 4343 955 4392 in
966 4346 1053 4398 Ruta.
1069 4355 1124 4400 589.

155 4443 464 4504 fleuiaduuttnonctthostt,
475 4447 694 4520 malummi-
735 4447 1093 4500 &commmittendum
1103 4450 1193 4501 mim
1201 4451 1269 4502 ΜΝ·
