2924 4986
240 327 313 394 296
541 313 599 392 Μ.
640 312 843 392 ANNAEI
876 313 1110 406 LUCANI

349 530 384 596 Si
398 551 473 594 vero
489 529 677 620 Stygiosque
690 530 787 612 locus,
802 531 967 620 ripamque
980 489 1146 603 sonantem

347 633 479 722 Ignibus
493 635 667 732 ostendpm,
691 636 717 702 si
732 659 783 702 me
797 651 952 723 praeseute
966 638 1065 706 videri

345 744 537 811 Eumenides
551 760 685 832 possent,
709 747 878 834 villosaque
892 748 973 814 colla
986 750 1125 819 colubris

257 855 322 914 665
346 849 502 916 Cerberus
516 852 690 930 excutiens,
711 863 742 915 et
756 852 854 917 vincti
868 864 957 942 terga
972 854 1146 943 (ligantem

343 953 424 1032 Quis
439 955 534 1019 timor
542 956 653 1044 ignavi
667 966 840 1021 metuentes
854 977 983 1022 cernere
997 959 1129 1024 munes?

385 1056 520 1124 Pectora
534 1071 610 1124 tunc
625 1060 764 1145 primurn
778 1059 909 1124 ferventi
924 1063 1078 1149 sauguine
1088 1064 1214 1152 supplet

341 1163 537 1228 Vulneribus
549 1163 654 1229 laxata
668 1165 775 1229 nouis:
798 1164 935 1252 taboque
948 1165 1100 1232 medullas

340 1267 470 1333 Abluit:
493 1280 525 1333 et
538 1270 623 1334 virus
637 1268 724 1358 large
738 1269 848 1334 lunare
862 1271 1028 1338 ministret.

253 1373 318 1438 670
343 1371 421 1438 Huc
435 1374 586 1461 quicquid
600 1374 665 1440 fetu
679 1377 791 1464 genuit
805 1376 929 1442 Natura
943 1377 1070 1444 sinistro

340 1477 503 1544 Miscetur.
525 1501 590 1545 non
606 1501 718 1565 spumu
731 1501 855 1559 cauum,
878 1481 991 1568 quibus
1006 1482 1092 1550 undu
1106 1483 1213 1552 timori
1227 1493 1279 1566 est,

338 1583 468 1650 Viscera
483 1607 548 1650 non
563 1585 671 1674 lyncis,
695 1607 759 1652 non
776 1587 856 1651 dirae
869 1587 973 1654 nodus
986 1588 1111 1677 hymnae

330 1689 452 1766 Defirit,
476 1704 508 1754 et
521 1691 604 1755 cervi
619 1691 699 1776 posti
714 1705 872 1778 serpentes
887 1693 1045 1758 medulla:
1160 1697 1163 1704 “

337 1791 413 1858 Non
428 1794 560 1878 puppim
576 1797 723 1868 retinens,
748 1796 839 1862 Euro
852 1795 1001 1860 tendente
1014 1793 1172 1876 rudentes,

252 1899 313 1963 675
336 1897 374 1963 In
391 1897 501 1962 mediis
515 1895 659 1961 echeneis
673 1895 773 1982 aquis,
789 1897 933 1982 oculique
947 1897 1132 1979 draconum,

339 2005 485 2089 Quaeque
500 2013 613 2066 sonunt
623 2000 687 2066 feta
701 1999 854 2087 tepefacto
869 2001 927 2066 sub
941 2001 1015 2068 alite
1029 2025 1123 2068 saxu:

334 2109 409 2176 Non
428 2107 569 2174 Arabum
584 2107 711 2172 volucer
725 2129 861 2192 serpens,
879 2107 1049 2195 iunctoque
1062 2107 1166 2176 rubris

251 2223 255 2226 ’
335 2221 534 2308 AEquoribus
549 2231 652 2284 custos
668 2219 814 2305 pretiosae
829 2218 936 2302 vipera
951 2217 1090 2298 couchae,

335 2326 548 2394 Ant·viventis
563 2324 667 2390 adhuc
683 2324 795 2410 Libyci
809 2322 994 2388 membrana
1007 2335 1148 2404 uetustus,

245 2441 311 2500 680
333 2434 401 2499 Aut
417 2433 494 2496 cinis
511 2431 580 2495 Eoo
594 2428 687 2516 positi
700 2427 858 2494 Phoenicis
873 2429 907 2493 in
920 2451 985 2496 urs.
1056 2455 1058 2460 ·

334 2544 410 2622 Quo
424 2555 590 2629 postquam
601 2540 686 2618 viles,
709 2550 742 2605 et
756 2539 904 2606 habentes
919 2540 1049 2604 nomina
1062 2549 1165 2626 pestes

332 2647 494 2713 Contulit:
517 2645 648 2710 infando
658 2657 810 2710 saturatus
824 2644 962 2710 camrine
975 2643 1112 2723 iiondes,
1145 2699 1149 2706 .

332 2753 377 2819 Et
391 2751 504 2840 quibus
518 2774 553 2817 os
568 2751 671 2817 dirum
687 2751 885 2816 nascentibus
898 2749 1026 2836 inspuit,
1049 2750 1164 2818 herbas

333 2857 472 2924 Addidit
486 2867 517 2920 et
532 2855 681 2943 quicquid
695 2855 817 2921 mundo
831 2855 920 2922 dedit
934 2856 1002 2942 ipss
1014 2855 1147 2922 veneni:

219 3059 275 3131 sne]
293 3055 427 3110 Sutisbens
444 3059 562 3126 Dqfirum.
579 3058 621 3107 sed
632 3059 771 3119 meliusest,
836 3065 892 3112 6⁷6.
911 3062 1012 3123 Quoque
1028 3059 1169 3124 manifsta
1186 3055 1338 3126 repp‘auasst
1428 3085 1429 3104 1

221 3141 287 3208 quod
299 3137 442 3190 Burmanni
453 3138 527 3186 codex
538 3139 652 3212 suggerit,
803 3139 954 3206 olitesurns]
972 3138 1068 3187 AEtites.
1103 3139 1209 3188 Grotius.

244 3227 342 3270 Exsutmi
349 3225 670 3270 DEFLEXUMIumtmvuttu.
835 3221 892 3268 678.
910 3221 1067 3280 -Custos
1081 3221 1192 3280 pretiose
1207 3219 1339 3280 mpetum
1427 3287 1428 3290 Ἴ

222 3302 293 3356 Adeo
313 3299 435 3350 exhorruit
454 3299 550 3362 iuvenis
572 3299 716 3362 Pompeius;
742 3308 771 3350 ut
803 3295 872 3361 circu]
892 3295 1036 3344 chelonites.
1070 3295 1176 3344 Grotius.

220 3399 270 3435 non
286 3398 358 3432 ausus
374 3382 477 3444 apicus
496 3381 611 3441 Venilia*
621 3392 768 3444 ιρρωωω,
834 3377 889 3422 686.
905 3399 971 3411 -
983 3372 1106 3437 Confundet
1118 3389 1240 3422 murmuro
1247 3373 1341 3436 primun

218 3463 312 3514 lumina
322 3461 371 3510 etio
380 3459 520 3510 deflecteret
554 3461 658 3510 ovidius
669 3461 769 3512 Meum.
899 3453 1010 3508 Dissuta,
1023 3460 1044 3500 et
1061 3454 1173 3500 humano
1188 3454 1285 3500 mutum
1300 3449 1343 3495 res.

217 3543 325 3592 vii.789.
397 3537 399 3542 '
800 3526 1003 3598 domblingum]
1036 3526 1119 3577 Codex
1136 3528 1234 3594 Regius,
1252 3522 1341 3575 NIMI-

239 3626 714 3677 Lmaqtmfflmqusmmm
800 3603 858 3654 UM
868 3607 995 3655 discordia.

241 3691 375 3732 Rettulersm.
833 3689 888 3733 691.
904 3711 971 3725 --—
987 3685 1022 3733 Et
1035 3686 1147 3746 plurimus
1163 3687 1230 3736 illisoe
1246 3683 1341 3734 cartus:
1425 3733 1426 3752 Χ

249 3773 305 3817 665.
321 3793 386 3806 --
404 3769 433 3816 Si
442 3783 478 3816 me
493 3774 606 3828 preeunte
622 3761 708 3832 uiden]
732 3780 769 3812 osc
801 3763 891 3830 uudae.]
909 3765 982 3812 Hunc
998 3763 1124 3814 lectionem
1136 3765 1342 3826 nosusmprotsut

214 3855 340 3910 prestante
350 3845 490 3907 rescriptum
498 3851 548 3892 eret
559 3843 585 3890 in
597 3841 654 3892 MS.
662 3841 691 3891 T.
702 3840 768 3906 quod
800 3841 875 3890 MSS.
891 3856 981 3890 omnes.
1016 3842 1108 3891 Souum
1127 3842 1190 3892 inter
1208 3843 1265 3892 utos
1279 3839 1342 3888 illum

213 3924 296 3986 probo.
330 3923 434 3971 Grotius
798 3920 864 3978 dicit,
874 3937 946 3986 quem
954 3920 1042 3970 fluetus
1050 3921 1126 3971 edum
1134 3916 1342 3984 impectisoopulit

247 4005 302 4050 671.
319 4029 385 4041 -
397 4003 454 4052 Nou
473 3995 671 4063 spontaneorum]
703 3997 766 4045 Cum
798 3999 832 4046 Et
843 3999 936 4061 proprie
945 4000 985 4048 bic
993 4001 1090 4062 ponitur
1100 3999 1266 4068 pleuctussut,
1275 3999 1343 4062 pluu-

214 4077 262 4125 boc
272 4087 386 4139 sppmstu
394 4080 602 4140 instrumentoque
608 4073 703 4138 magico
709 4089 766 4122 con·
796 4086 857 4140 gunt
867 4080 1052 4144 littorafluctus.
1086 4079 1193 4128 Grotius.

213 4153 252 4206 ier
263 4155 380 4204 Ovidium
396 4155 497 4204 Metam.
514 4155 552 4203 vii.
571 4154 653 4203 Seuec.
669 4152 768 4202 Medeae
830 4160 888 4204 697.
911 4157 947 4205 Et
963 4160 1049 4206 Rectus·
1063 4165 1140 4214 terra,
1157 4173 1224 4221 quem
1239 4156 1304 4216 tuga
1319 4151 1343 4199 itt

215 4233 348 4294 Horstium
359 4233 463 4294 Epodon
474 4250 496 4281 v.
523 4233 631 4281 Grotius.
663 4231 765 4280 Aliico·
927 4239 1106 4302 uenturos-quet

211 4312 406 4363 uesomruun
420 4311 493 4360 usu.
531 4311 636 4367 nesus,
654 4312 711 4376 qun
728 4325 766 4362 se·
903 4316 1153 4386 mesenensem]
1170 4307 1341 4380 emite

211 4391 297 4460 quitor
307 4391 454 4449 cousensus.
471 4403 521 4440 nou
533 4388 635 4439 Verulis
799 4393 950 4458 interpretes,
970 4396 1051 4456 Quen
1070 4396 1146 4450 deum
1165 4401 1259 4462 torquet
1273 4387 1342 4442 (ΗΜ
