2900 4902
353 334 718 420 PHARSALIAE
750 337 860 418 LIB.
896 337 964 418 IV.
1166 343 1240 414 aas

220 555 406 622 Comminus
419 554 563 642 obliquis,
579 565 611 620 et
621 553 714 618 rectis
729 551 851 619 eminus
864 551 962 618 hastis

10 727 11 744 q
136 663 194 728 775
218 659 384 728 Obruitur:
408 680 475 724 non
489 657 681 737 vulneribus,
697 679 757 722 nec
771 658 935 745 sanguine,
951 653 1052 722 solum

219 763 372 828 Telorum
386 762 496 826 nimbo
510 761 662 847 peritura,
678 771 710 825 et
725 758 865 846 pondere
879 759 963 826 ferri.

179 915 189 938 .
220 867 310 956 Ergo
323 866 405 930 acies
418 877 516 932 tantae
529 867 663 952 parvum
677 864 849 950 spissantur
862 865 898 930 in
911 864 1034 931 orbern:

223 971 283 1050 Ac,
299 971 324 1034 si
340 969 409 1056 quis
423 981 567 1036 metuens
580 968 723 1060 medium
737 969 891 1056 correpsit
904 970 939 1035 in
955 991 1080 1059 agmen,

9 1129 10 1148 ,
221 1074 286 1140 Vix
299 1075 430 1160 impune
444 1097 516 1140 suos
536 1075 619 1140 inter
634 1073 827 1140 convertitur
840 1095 941 1153 enses,

8 1151 10 1232 l
136 1179 198 1243 780
219 1177 443 1265 Densaturque
456 1177 577 1266 globus,
593 1187 747 1266 quantum
762 1175 844 1263 pede
857 1177 961 1264 prima
975 1177 1077 1244 relato

223 1282 421 1350 Constrinxit
435 1305 531 1372 gyros
545 1282 636 1348 acies.
657 1303 725 1348 non
740 1301 830 1346 amm
842 1282 992 1348 movendi

219 1392 292 1459 Jam
302 1393 390 1460 loona
404 1405 451 1458 est
463 1395 591 1479 pressis:
607 1393 782 1479 stipataque
795 1393 939 1458 membra
953 1387 1108 1462 uruntur.

220 1498 396 1586 Frangitur
409 1509 566 1564 armatum
580 1493 687 1564 eolli'so
701 1508 830 1584 pectore
842 1508 962 1584 pectus.

221 1604 298 1670 Non
310 1604 465 1674 tamloets
479 1605 549 1670 tulit
563 1605 664 1670 vietor
678 1605 856 1692 spectacula
872 1603 1007 1672 Maurus
1121 1598 1123 1606 ’

135 1714 198 1779 785
222 1711 331 1790 Quum
344 1711 471 1779 fortuna
484 1713 593 1779 dabat:
608 1713 721 1779 fluvios
735 1735 802 1779 non
815 1713 868 1780 ille
881 1715 1012 1794 suroris,
1147 1793 1148 1798 γ

221 1817 506 1906 Membrorumque
520 1817 606 1885 videt
618 1819 752 1906 lapsum,
768 1831 801 1885 et
814 1819 960 1886 ferientia
973 1831 1091 1887 terrem
1130 1855 1133 1862 .

223 1922 379 2008 Corpora:
396 1945 609 2010 eompressum
623 1925 718 1991 turbo
732 1925 817 1992 stetit
831 1948 928 1992 omne
938 1925 1083 1994 cadaver.

222 2024 350 2094 Excitet
364 2027 478 2093 invisas
493 2028 574 2110 dirae
589 2027 792 2118 Carthaginis
805 2031 935 2097 umbras

227 2129 352 2198 Inferiis
366 2130 493 2198 fortuna
507 2133 608 2211 novis:
624 2131 704 2198 ferat
717 2133 777 2198 ista
791 2147 941 2201 cruentus

136 2234 200 2300 790
222 2233 375 2313 Annibal,
391 2248 422 2302 et
435 2236 528 2302 Poeni
542 2247 609 2302 tam
624 2235 694 2301 dira
707 2236 830 2322 piacula
843 2259 961 2304 manes.

226 2340 420 2420 Romanam,
438 2340 563 2426 Superi,
579 2339 702 2428 Libyca
715 2339 827 2406 tellure
840 2342 967 2408 ruinam

224 2447 379 2534 Pompeio
392 2447 540 2536 prodesse
551 2445 650 2526 nefas,
667 2447 810 2535 votisque
819 2449 968 2514 'Senatus-

222 2550 332 2618 Africa
346 2575 405 2618 nos
415 2552 519 2639 potius
533 2552 639 2619 vincat
653 2552 722 2618 sibi.
746 2553 847 2620 Curio
856 2552 940 2620 fusas
962 2610 964 2619 .

224 2655 273 2722 Ut
287 2655 366 2722 vidit
380 2660 498 2744 campis
512 2658 603 2735 acies,
620 2668 652 2722 et
666 2644 795 2724 eernere
804 2671 907 2725 tantas
969 2682 972 2688 ·

136 2761 200 2827 795
224 2759 371 2826 Permisit
386 2761 489 2827 clades
504 2783 699 2849 compressus
713 2763 866 2853 sanguine
876 2763 991 2851 pulvis,

226 2865 303 2931 Nou
318 2865 391 2932 tulit
404 2865 525 2931 afflictis
540 2867 678 2933 animam
693 2868 868 2954 produoere
882 2870 986 2950 rebus,

224 2971 294 3036 Aut
308 2993 432 3058 sperare
442 2970 566 3059 fugam:
582 2972 805 3060 ceciditquein
819 2988 924 3065 strage
938 2987 1067 3042 suorum

227 3075 375 3164 Impiger
389 3075 430 3142 ad
445 3076 551 3156 letum,
568 3089 600 3174 et
613 3076 702 3144 fortis
715 3079 830 3146 virtute
844 3093 963 3148 coacta.

269 3180 359 3259 Quid
374 3203 460 3248 nunc
473 3192 576 3249 rostra
589 3183 648 3250 tibi
661 3197 794 3269 prosunt
809 3185 947 3268 turbata,
962 3187 1141 3279 forumque,

140 3291 204 3350 800
228 3284 326 3354 Unde
337 3285 519 3352 Tribunitia
530 3285 670 3372 plebeius
685 3287 812 3378 signifer
826 3313 900 3358 arce

115 3484 416 3553 amadaeonjugatioae,
434 3486 500 3554 quod
518 3495 669 3554 apertumex
702 3491 796 3540 Rebar
815 3491 888 3541 babet
912 3492 939 3540 in
956 3492 1083 3554 ponamin
1100 3488 1252 3551 emmanue,

116 3565 243 3616 Lucretio:
701 3566 728 3616 in
755 3577 833 3620 vetere
861 3569 922 3620 Rob.
952 3570 1067 3634 Stephani
1096 3574 1186 3622 Balatu.
1202 3568 1256 3620 »sed

210 3653 551 3702 -qruaaeeoudmesatssn
702 3646 841 3698 Priscianus
858 3664 883 3710 p·
901 3654 956 3698 858.
973 3651 1038 3698 bunc
1060 3649 1154 3698 Luoaai
1174 3647 1257 3696 locum

116 3727 277 3796 quodsum
292 3727 359 3778 'alem
376 3727 473 3779 Servius
487 3731 515 3778 br
531 3731 580 3779 flne
597 3731 671 3797 hujru
704 3725 918 3790 agrum-laudat
937 3735 966 3774 ut
976 3725 1093 3776 divorum
1104 3726 1255 3790 conjugatio·

118 3823 202 3858 versus
210 3807 515 3868 ramommtpmreua,
526 3816 671 3858 autmo-
704 3804 866 3865 nempmbet3
884 3819 971 3864 nempe
989 3819 1045 3852 cum
1066 3802 1184 3866 Virgilius
1200 3802 1256 3852 dix·

116 3885 160 3934 rire
181 3881 264 3946 Ipsius,
291 3891 334 3932 ms
354 3883 507 3931 murrinam
532 3893 569 3932 est
594 3885 673 3947 salpe.
705 3881 750 3928 erit
770 3882 904 3930 Ardeam
926 3881 1037 3930 munde
1063 3879 1257 3944 conjugationis5

119 3961 228 4012 Grotiu
270 3959 407 4009 ramanae
424 3960 462 4008 vir
485 3975 596 4026 magnus,
615 3979 673 4013 eun
704 3957 831 4006 Lueanum
850 3957 876 4005 in
893 3958 1077 4019 permaduisse,
1090 3960 1258 4022 Dareusque

117 4039 172 4090 bae
190 4037 315 4088 mnam:
337 4051 388 4088 non
407 4035 474 4086 euim
495 4038 554 4088 eiras
577 4040 674 4092 &eiua
701 4037 794 4100 globus:
813 4037 882 4084 etsie
892 4037 967 4086 codex
980 4037 1098 4107 Prisciani
1108 4037 1257 4100 manuscrip-

119 4123 300 4186 Romamque:
317 4120 350 4172 ad
365 4137 416 4171 rem
435 4122 511 4186 ipram
526 4125 569 4175 ille
578 4127 672 4190 rapiat
703 4122 749 4172 tua,
760 4121 784 4166 et
794 4128 832 4162 res
843 4113 895 4176 ipsa
907 4115 995 4164 firmat
1027 4115 1109 4174 Quare
1125 4115 1257 4176 aecipimua

119 4198 336 4250 maurontum
355 4215 435 4265 nsque
450 4201 553 4253 omnino
568 4206 673 4267 priorem
704 4193 886 4256 melurquer
905 4201 967 4244 utet
978 4209 1064 4246 omnes
1079 4193 1258 4246 nostrimdieea
1295 4260 1298 4277 ι

121 4277 197 4343 bajus
214 4291 297 4329 verm
312 4285 404 4342 penem
423 4289 548 4342 memmei,
570 4281 630 4348 qun
650 4291 676 4334 es
702 4269 756 4334 jam
774 4268 911 4334 preferant.
944 4272 1016 4324 Idem
1026 4274 1164 4342 Pnseiauus
1175 4272 1258 4324 naua
