2984 5022
423 213 793 362 perusium
836 267 1035 349 mnrx.
1216 242 1289 352 scs

255 486 344 563 DuX,
360 483 506 575 anmiles
521 505 601 550 eum.
632 505 770 570 serpens,
788 484 864 565 sitis,
881 485 986 564 ardor,
998 508 1113 566 arenae,
1141 555 1142 562 χ

251 591 370 658 Dulcia
383 592 504 658 virtuti:
525 590 644 682 gaudet
657 592 809 677 patientie
823 592 920 658 duris.

259 695 380 761 Laetius
394 707 450 773 est,
462 697 584 782 quoties
594 717 713 784 mpgno
726 695 786 760 sibi
800 707 932 776 constet,
948 694 1143 778 honestum.³

155 808 231 864 405
256 800 331 867 Sola
344 812 448 885 potest
463 799 567 887 Libye
582 801 707 866 turbam
730 813 881 886 praestare
896 801 1064 880 malorum,

259 905 307 970 Ut
320 905 431 970 deceat
444 903 560 992 fugisse
570 905 663 970 viros.
674 895 680 902 ’
709 905 763 970 Sic
777 905 828 970 ille
839 906 975 978 calentes

260 1010 408 1076 Incendit
420 1010 537 1076 virtute
552 1012 684 1088 animos,
700 1021 731 1074 et
742 1033 850 1076 amore
862 1011 1021 1092 laborum,

261 1113 505 1202 Irreducemque
519 1117 603 1181 viam
614 1115 739 1180 deserto
750 1115 852 1209 limite
864 1118 982 1202 carpit:

260 1221 304 1286 Et
319 1243 441 1286 sacrum
456 1242 555 1307 parvo
569 1243 688 1286 nomen
702 1219 853 1286 clausura·
861 1222 1004 1307 sepulcro

164 1329 236 1390 410
261 1325 380 1412 Invasit
392 1325 495 1414 Libye
509 1326 611 1390 securi
626 1325 689 1398 fata
704 1324 846 1392 Catonis.

306 1429 417 1494 Tertia
431 1451 504 1515 pers
518 1452 626 1496 rerum
637 1430 749 1516 Libye,
767 1431 792 1494 si
807 1423 935 1496 credere
949 1430 1043 1496 femae

264 1535 389 1602 Cuncta
400 1535 496 1600 velis:
519 1547 553 1600 at
567 1536 593 1600 si
608 1547 717 1602 ventos
728 1535 906 1622 coelumque
920 1539 1071 1624 sequaris,

260 1639 339 1706 Pars
353 1641 414 1706 erit
429 1641 579 1726 Europae.
609 1664 668 1706 nec
682 1642 768 1706 enim
782 1641 852 1728 plus
867 1641 973 1706 littora
989 1641 1068 1722 Nili,

264 1745 372 1823 Quum
388 1745 554 1833 Scythicus
567 1747 687 1814 Tanais
701 1746 811 1831 primis
826 1771 846 1812 a
862 1746 1008 1813 Gadibus
1022 1747 1148 1814 absunt:

168 1858 238 1918 415
265 1852 363 1918 Unde
380 1849 510 1939 Europe
524 1851 606 1941 fugit
621 1853 756 1940 Libyen,
771 1866 802 1918 et
816 1853 922 1919 littora
935 1854 1022 1919 flexu

267 1957 400 2024 Oceano
414 1957 516 2026 fecere
529 1958 653 2024 locum:
683 1958 738 2022 sed
753 1961 854 2044 major
868 1961 903 2024 in
918 1983 1015 2029 unam

263 2061 360 2128 Orbis
373 2063 440 2130 abit
457 2062 577 2128 Asiam.
606 2084 683 2126 nam
698 2082 771 2128 cum
787 2064 998 2128 communiter
1013 2065 1082 2129 istae
1127 2071 1129 2081 ’

263 2167 441 2234 Effundunt
456 2166 649 2253 Zephyrum,
666 2166 780 2231 Boreae
790 2165 871 2232 latus
882 2167 934 2231 illa
951 2169 1112 2234 sinistrum

268 2271 477 2360 contingens,
493 2271 706 2357 dextrumque
722 2269 809 2347 Noti,
826 2270 959 2338 discedit
973 2273 1007 2336 in
1023 2286 1120 2352 ortus,

171 2385 241 2446 420
265 2375 389 2443 Eurum
403 2377 471 2444 sola
484 2389 604 2445 tenens.
635 2377 768 2464 Libycae
783 2375 870 2463 qbod
881 2375 986 2442 fertile
998 2387 1093 2442 terroe
1108 2389 1164 2456 est,

259 2482 373 2571 Vergit
386 2484 420 2548 in
435 2505 579 2552 occasus:
606 2481 662 2550 sed
676 2494 707 2548 et
722 2480 792 2546 haec
806 2503 873 2544 non
887 2480 1028 2546 sontibus
1041 2481 1113 2546 ullis

271 2587 425 2653 Solviturt
452 2589 590 2653 Arctoos
606 2587 684 2654 reris
700 2586 913 2674 Aquilonibus
928 2587 1045 2651 imbres

268 2693 405 2785 Accipit,
420 2705 453 2761 ct
466 2695 582 2761 uostris
597 2693 699 2760 reficit
715 2718 772 2760 suc
786 2716 861 2758 rura
872 2695 998 2758 serenis.
1083 2691 1085 2696 ’

269 2785 310 2863 In
324 2797 424 2862 nullas
438 2799 566 2866 vitietur
580 2807 673 2884 opes3
699 2822 766 2866 non
781 2821 856 2878 aere,
873 2822 932 2864 nec
955 2823 1035 2866 auro

175 2911 248 2969 425
272 2903 482 2989 Excoquitur,
498 2904 588 2970 nullo
598 2905 765 2994 glebarum
781 2905 926 2984 crimine,
942 2927 1035 2992 pura,

273 3011 317 3077 Et
330 3011 553 3097 penitusterra
564 3025 619 3078 est
644 3025 770 3080 tentum
787 3011 954 3104 Maurusio
968 3013 1058 3102 genti

275 3117 408 3184 Robora
422 3115 553 3194 divitiae,
570 3139 708 3204 quarum
722 3141 789 3184 non
804 3106 938 3183 noverei
947 3141 1057 3184 usum:

277 3221 341 3286 Sed
356 3220 426 3284 citri
441 3231 592 3286 contenta
606 3222 705 3286 comis
720 3221 854 3300 vivebat,
871 3233 903 3286 et
916 3222 1040 3287 umbre.

277 3327 318 3390 In
332 3349 444 3391 nemus
458 3325 605 3414 ignotum
619 3337 737 3390 nostrae
752 3348 866 3391 venere
881 3349 1021 3392 secures:

177 3440 255 3498 430
278 3432 495 3518 Extremoque
509 3431 630 3518 epulus,
646 3452 833 3517 mensasque
847 3431 1017 3516 petivimus
1032 3430 1117 3495 orbe.

277 3538 324 3604 At
338 3561 537 3632 quaecunque
550 3559 666 3626 vagam
682 3537 804 3632 Syrtim
817 3535 1036 3624 complectitur
1045 3558 1104 3600 ore

278 3647 347 3714 Sub
361 3647 462 3712 nimio
476 3646 618 3734 projecta
634 3645 696 3724 die,
709 3645 812 3712 vicina
825 3644 945 3730 perusti

280 3750 434 3832 AEtheris,
448 3752 554 3820 exurit
565 3773 691 3830 messes,
708 3763 739 3816 et
753 3750 882 3837 pulvere
898 3747 1062 3814 Bacchum

269 3954 447 4017 Ocenncfioere
469 3972 550 4020 ymni
567 3951 590 4018 .·]
630 3952 725 4011 Malim,
791 3957 849 4000 422.
873 3974 939 3987 —-
956 3947 1054 3997 Arctoos
1070 3949 1134 3996 ruris
1151 3947 1307 4010 Aquilonibus

159 4034 235 4095 fleca.
272 4029 374 4078 Graues
891 4015 975 4061 imbra
1190 4089 1223 4102 ..

199 4112 332 4160 421...-
339 4109 414 4173 m„
487 4110 656 4184 nfflfmyyym
674 4110 726 4160 νηὶ,
860 4087 1248 4155 Accipit,]HineilludPaprnri=

265 4185 386 4261 Salvium]
420 4134 475 4210 lac
489 4217 537 4264 ne,
553 4191 609 4241 *spa
635 4195 658 4236 et
679 4189 728 4236 1200.
782 4180 918 4230 eumLibyoe
926 4180 1301 4230 Boreesltalcsntgerstuuittmbres.

166 4263 240 4313 Quod
241 4261 318 4324 fertile
327 4269 388 4332 teer
409 4214 490 4307 ilel’o
540 4277 562 4325 't
579 4269 729 4324 inoccatum
764 4257 879 4312 Grotius.
967 4251 976 4276 s

159 4335 380 4432 sodctlcrcn'uefoQ
397 4326 440 4406 lys,
464 4295 549 4360 Μ
797 4340 860 4387 427·
880 4339 974 4392 Robora
999 4339 1097 4398 dictus,
1115 4347 1213 4399 quorum
1227 4345 1273 4376 non
1283 4344 1325 4376 nc·

381 4383 523 4514 llud*
