2924 4986
181 355 261 422 884.
482 341 539 418 M.
575 337 778 420 ANNAEI
813 337 1051 420 LUCANI

288 559 347 626 Est
361 555 451 636 mihi,
467 570 541 626 sunt
551 559 638 636 nati3
660 557 806 626 dedimus
824 570 872 624 tot
887 557 1024 647 pignora
1037 558 1118 627 fatis.

291 671 426 738 Civiline
439 692 552 757 parum
569 681 615 736 est
630 669 724 750 bello,
741 671 766 734 si
782 693 906 758 meque,
921 693 1072 758 meosque

289 771 441 843 Obruet?
462 777 589 863 exiguae
600 773 703 842 clades
719 798 836 855 sumus,
852 775 930 843 orbe
944 775 1091 842 remoto?

198 894 262 955 665
286 887 408 954 Omnia
421 887 496 976 quid
512 885 657 953 laceras?
678 887 755 974 quid
769 887 903 972 perdere
917 901 1033 954 cuncta
1046 890 1199 958 laboras?

286 993 360 1060 Jam
375 993 455 1058 nihil
469 1004 528 1071 est,
545 993 700 1070 Fortuna,
717 1014 833 1057 meum.
857 993 901 1056 sic
914 991 1016 1060 fatur:
1039 1005 1071 1058 et
1085 1016 1189 1075 arma,
1221 1053 1226 1062 .

289 1099 461 1187 Signaque,
478 1110 510 1163 et
524 1095 654 1162 afflictas
668 1099 757 1162 omni
767 1099 834 1184 jam
850 1110 940 1183 parte
955 1111 1096 1164 catervas

289 1203 421 1279 Circuit,
438 1214 470 1268 et
484 1213 611 1267 revocat
624 1214 750 1266 matura
765 1204 797 1266 in
812 1201 877 1268 fata
891 1216 1030 1282 ruentes,

287 1309 391 1396 Seque
405 1319 501 1396 negat
516 1308 605 1372 tanti.
628 1329 688 1372 nec
703 1307 812 1373 deerat
828 1307 927 1374 robur
941 1309 975 1372 in
991 1331 1080 1375 enses

201 1416 265 1480 670
289 1414 341 1480 Ire
356 1412 445 1491 duci,
451 1411 627 1500 juguloque
637 1413 714 1497 peti,
730 1412 779 1477 vel
790 1424 919 1498 pectore
933 1411 1048 1478 letum:

289 1517 354 1585 Sed
369 1518 475 1584 timuit
489 1529 588 1582 strato
602 1516 692 1581 miles
705 1538 748 1581 ne
763 1539 897 1604 corpore
914 1515 1030 1608 Magni

288 1624 366 1690 Non
380 1623 514 1712 fugeret,
529 1631 687 1710 supraque
701 1623 817 1690 ducem
832 1624 1055 1710 procumberet
1069 1624 1176 1692 orbis:

286 1737 422 1802 Caesaris
436 1747 493 1800 aut
506 1733 605 1801 oculis
619 1735 720 1802 voluit
734 1737 910 1802 subducere
925 1753 1070 1802 mortem.

289 1842 521 1928 Nequicquam.
536 1841 655 1918 infelix,
673 1863 782 1911 socero
797 1855 938 1929 spectare
952 1843 1068 1909 volenti

203 1952 266 2018 675
291 1946 513 2016 Praestandum
528 1960 575 2012 est
589 1947 771 2034 ubictmque
786 1961 891 2037 caput.
915 1949 969 2016 sed
987 1961 1021 2015 tu
1036 1935 1163 2038 quoque
1179 1953 1320 2041 conjux,

291 2056 395 2122 Causa
408 2053 504 2142 sngae,
521 2049 688 2142 vultusque
703 2055 769 2120 tui:
793 2055 926 2143 fatisque
941 2055 1112 2142 probatum

289 2162 340 2228 Te
354 2172 510 2247 praesente
523 2160 616 2224 mori.
662 2161 758 2226 Tunc
773 2161 932 2250 Magnum
949 2162 1089 2227 concitus
1104 2161 1211 2234 aufert

290 2267 323 2334 A
338 2266 422 2332 bello
438 2266 572 2351 sonipes,
589 2287 656 2330 non
670 2277 762 2355 tergo
777 2268 839 2332 tela
853 2277 1030 2353 paventem,
1047 2295 1049 2302 ·

291 2374 515 2464 Ingenteisque
529 2373 651 2440 animos
666 2383 808 2440 extrema
823 2374 857 2438 in
871 2372 936 2439 fata
949 2373 1111 2440 ferentem.

203 2489 268 2548 680
291 2481 366 2546 Non
382 2479 528 2567 gemitus,
545 2501 611 2543 non
626 2477 719 2545 fletus
733 2491 810 2558 erat,
827 2479 975 2567 salvaque
990 2479 1145 2546 verendus

291 2585 461 2670 Majestate
476 2575 580 2663 dolor,
596 2584 721 2670 qualem
736 2595 778 2663 te,
797 2584 927 2673 Magne,
945 2585 1078 2652 decebat

291 2690 447 2755 Romanis
461 2702 612 2776 praetere
626 2690 725 2758 nsciis.
752 2713 818 2756 non
834 2691 956 2778 impare
971 2691 1061 2757 vultu

289 2796 414 2881 Aspicis
430 2795 632 2860 Emathiamz
657 2806 762 2861 necte
776 2795 884 2868 videre
899 2796 1072 2884 superbum

287 2895 445 2986 Prospera
460 2899 625 2978 bellorum,
642 2923 701 2966 nec
716 2901 851 2966 fractum
867 2901 997 2966 adversa
1012 2899 1174 2968 videbunt.

201 3013 265 3072 685
291 3007 463 3090 Quamque
475 3002 536 3068 fuit
549 3004 628 3067 laeto
634 3017 694 3089 per
707 3006 781 3069 treis
797 3004 897 3070 infida
914 3005 1101 3092 triumphos,

290 3111 375 3178 Tam
390 3110 506 3174 misero
522 3109 665 3173 Fortuna
680 3109 794 3173 minor.
813 3109 881 3196 jam
897 3109 1039 3195 pondere
1053 3091 1110 3176 fati

289 3215 590 3305 Depositosecurus
606 3213 690 3297 abis:
714 3235 801 3278 nunc
817 3225 961 3300 tempora
976 3215 1050 3282 laeta

291 3321 479 3408 Respexisse
493 3332 603 3385 vacat:
627 3341 696 3405 spes
711 3341 876 3407 nunquam
893 3320 1054 3406 implenda
1068 3321 1213 3388 recessit:

290 3427 379 3506 Quid
393 3426 488 3492 literis
503 3445 590 3490 nunc
604 3425 686 3490 scire
697 3424 779 3490 licet.
809 3423 884 3514 fuge
897 3425 1012 3512 praelia
1022 3425 1105 3504 dira,

203 3544 268 3604 690
291 3536 341 3602 Ac
356 3545 470 3600 testare
485 3531 583 3609 Deos,
600 3530 723 3596 nullum
737 3531 792 3617 qui
807 3542 925 3617 perstet
939 3532 972 3596 in
986 3532 1092 3611 armis,

288 3641 363 3708 Jam
378 3633 449 3715 tibi,
466 3635 599 3724 Magne,
615 3635 716 3700 mori:
738 3657 796 3701 ceu
810 3635 921 3702 flebilis
937 3619 1047 3703 Africa
1058 3635 1196 3713 damnis,

290 3755 336 3822 Et
350 3775 408 3818 ceu
425 3747 553 3815 Munda
567 3769 695 3826 nocens,
712 3747 895 3836 Pharioque
909 3772 930 3814 a
943 3750 1070 3839 gurgite
1085 3746 1201 3826 clades,

256 3847 263 3862 ’
294 3860 348 3926 Sic
363 3865 400 3924 et'
409 3853 602 3922 Thessalicae
617 3863 690 3942 post
704 3845 736 3918 te
750 3877 824 3941 pars
839 3847 980 3922 maxima
994 3876 1122 3944 pugnoe.

216 4069 273 4116 sto.
287 4087 354 4103 --
365 4063 480 4128 Felisque
486 4059 610 4126 probatum
805 4061 862 4107 693.
873 4059 943 4107 sicet
958 4058 1096 4106 Thessalica
1101 4064 1154 4118 post
1164 4063 1186 4102 te
1194 4069 1255 4116 pura
1264 4069 1334 4104 m

114 4141 115 4144 ¹
285 4147 318 4195 Te
333 4153 449 4208 praeterae
466 4141 545 4207 mori]
561 4139 642 4189 Miror
663 4135 740 4186 MSS.
771 4142 818 4190 imo
827 4135 935 4202 pagam]
946 4135 1028 4200 Major
1036 4150 1091 4198 pars
1098 4132 1175 4182 'cladis
1185 4131 1337 4182 'lheasalien

183 4223 483 4288 omneshaberafatirque
493 4231 610 4284 negatam,
621 4218 687 4282 quod
704 4217 740 4267 rei
775 4217 855 4292 evenit
865 4214 1024 4278 absentejam
1037 4213 1168 4276 Pompeio:
1184 4211 1288 4276 ideoque
1298 4209 1340 4260 illi

184 4304 339 4357 scunarium.
383 4302 455 4350 Forte
486 4296 605 4360 scripserit
626 4297 740 4345 Lucanus
774 4310 825 4344 non
844 4293 922 4358 magis
939 4293 1053 4356 imputari
1069 4301 1154 4357 potest,
1179 4305 1254 4356 quam
1277 4305 1338 4355 qun

183 4392 299 4448 rogatum,
316 4388 345 4428 ut
359 4377 445 4428 allusio
462 4375 490 4425 tlt
500 4375 530 4426 ad
541 4375 625 4440 legum
635 4373 741 4440 rogatio·
773 4386 941 4445 postmortem
959 4376 1034 4440 ἱρήια
1043 4375 1190 4427 sociamine.
1225 4372 1338 4425 Gratim.

170 4449 236 4512 'nes
271 4459 377 4508 orosa
808 4456 951 4509 sosoma
961 4451 1338 4525 cessissemusne*
