2984 5022
410 260 1029 346 .PHARSAL1AELIB.lx.
1240 279 1309 342 421

271 478 400 546 Credite
414 477 585 560 victorem:
606 475 698 542 nobis
714 497 841 564 quoque
855 474 916 542 tale
930 486 1077 562 paratum

269 584 402 651 Littoris
415 583 605 669 hospitium:
629 605 671 647 ne
685 582 729 648 sic
743 604 815 648 mea
829 579 911 646 colla
923 593 1087 671 gerantur,

272 687 444 755 Thessaliae
458 688 586 753 fortuna
599 685 685 752 facit.
706 689 828 773 majore
841 685 995 773 profecto,

168 802 249 865 1085
273 794 380 871 Quam
395 794 492 860 metui
507 802 643 877 poterat,
659 791 838 856 discrimine
853 792 1005 880 gessimus
1019 811 1123 857 arma:

277 899 429 976 Exilium,
445 899 615 987 generique
630 897 740 975 minas,
762 897 961 984 Roma'mque
978 897 1146 963 timebam:

277 1006 378 1070 Poena
392 1004 478 1093 fugae
494 1003 685 1068 Ptolemaeus
699 1016 776 1069 erat.
799 1004 854 1070 sed
868 1004 1027 1090 parcimus
1044 1003 1148 1084 annis,

275 1109 506 1195 Donamusque
520 1107 615 1174 nefas.
642 1110 720 1174 sciat
733 1109 795 1174 hac
809 1131 869 1195 pro
883 1109 970 1174 oaede
985 1121 1137 1197 tyrannus

274 1214 330 1279 Nil
345 1215 436 1278 venia
449 1213 518 1299 plus
533 1235 625 1299 posse
640 1213 719 1278 dari.
746 1236 801 1278 vos
816 1214 944 1278 condite
959 1215 1054 1280 busto

177 1328 259 1391 1090
282 1319 381 1384 Tanti
397 1319 477 1385 colla
491 1318 596 1384 ducis:
624 1319 770 1398 sednon,
787 1333 823 1384 ut
837 1319 971 1384 crimina
984 1330 1110 1384 tantum

280 1424 393 1488 Vestra
407 1436 494 1512 tegat
517 1423 618 1488 tellus,
633 1425 721 1511 justo
736 1424 809 1490 date
823 1437 896 1490 tura
910 1424 1064 1511 sepulcro,

282 1529 326 1594 Et
340 1529 461 1615 placate
476 1541 581 1614 caput,
610 1529 792 1617 cineresque
804 1530 838 1594 in
853 1529 959 1596 littore
973 1529 1058 1596 frisos

255 1667 257 1672 ·
283 1633 441 1722 Colligite,
458 1645 552 1720 atque
566 1656 662 1698 unam
678 1635 792 1720 sparsis
806 1634 879 1700 date
893 1635 1038 1700 manibus
1053 1654 1175 1701 urnam.

283 1739 405 1804 Sentiat
419 1739 591 1803 adventum
605 1739 717 1817 soceri,
729 1761 884 1828 vocesque
898 1741 1058 1826 querentis

180 1849 260 1908 1095
285 1843 406 1908 Audiat
420 1844 534 1910 umbra
549 1843 626 1929 pias.
650 1843 727 1909 dum
742 1845 834 1908 nobis
849 1846 956 1911 omnia
969 1844 1110 1931 prefert,

282 1947 373 2013 Dum
387 1949 485 2012 vitam
501 1947 620 2013 Phario
634 1949 755 2012 mavult
766 1948 881 2014 debere
896 1948 1013 2027 clienti,

285 2052 376 2116 Laeta
397 2051 464 2116 dies
478 2064 570 2136 rapta
584 2062 630 2117 est
644 2051 789 2137 populis:
816 2052 986 2117 concordie
1000 2052 1122 2117 mundo

286 2156 405 2224 Nostra
419 2157 519 2242 perit:
547 2177 676 2222 caruere
692 2156 771 2219 Deis
785 2155 857 2220 mea
871 2167 945 2221 vota
958 2157 1114 2235 secundis,

286 2261 334 2327 Ut
348 2274 380 2326 te
393 2259 576 2346 complexus
591 2259 699 2346 positis
713 2257 855 2323 felicibus
870 2259 965 2323 armis

181 2373 264 2431 1100
287 2367 429 2430 Affectus
444 2365 546 2431 abste
560 2374 689 2442 veteres,
707 2363 864 2449 vitamque
879 2384 1035 2452 rogarem,

287 2472 419 2561 Magne,
436 2485 541 2538 tuam:
568 2470 729 2558 dignaque
751 2469 823 2533 satis
838 2468 983 2534 mercede
1004 2468 1147 2534 laborum

290 2577 468 2643 Contentus
488 2599 547 2663 par
562 2598 628 2640 esse
642 2575 709 2640 tibi.
734 2587 810 2640 tunc
829 2597 907 2662 pace
921 2573 1009 2640 fideli
1060 2595 1062 2600 ·

291 2681 459 2759 Feciseem,
472 2695 507 2745 ut
521 2681 621 2745 victus
634 2703 741 2765 posses
755 2682 918 2768 ignoscere
932 2679 1022 2758 divis,

291 2786 427 2852 Fecisses
441 2798 477 2852 ut
493 2785 598 2850 Roma
611 2784 701 2849 mihi.
720 2808 781 2850 nec
800 2785 874 2850 talia
888 2784 969 2850 fatua

189 2898 271 2955 1105
295 2892 420 2956 Invenit
433 2891 524 2956 fletus
538 2891 697 2968 comitem,
713 2913 773 2955 nec
788 2890 881 2955 turba
895 2889 1039 2977 querenti

294 2996 455 3063 Credidit:
480 2996 676 3061 abscondunt
691 2997 837 3085 gemitus,
852 3005 883 3059 et
897 3005 1027 3081 pectora
1041 2993 1113 3061 lteta

295 3103 414 3168 Fronte
428 3113 548 3190 tegunt,
564 3101 741 3189 hilaresque
756 3101 841 3168 nefas
856 3112 996 3186 spectare
1011 3113 1174 3167 cruentum

296 3206 341 3292 (0
356 3208 441 3275 bona
453 3206 594 3288 libertas)
610 3227 683 3272 cum
700 3206 808 3273 Caesar
822 3205 942 3294 lugeat,
957 3205 1083 3273 audent.
