2984 5022
212 305 286 369 aa
502 289 561 366 u.
597 283 1063 387 unumunurm

328 498 475 592 Votaque
487 501 697 568 thuricremos
709 521 776 567 uon
789 501 879 567 irrita
895 501 978 590 fudit
990 503 1026 570 in
1039 505 1138 595 ignes.

240 613 305 677 990
326 609 384 676 Dii
399 609 553 687 cinerum,
578 607 733 698 Phrygiae
747 607 848 706 oqlitis
860 609 1040 697 quicunque
1054 613 1176 691 ruina.

328 713 506 802 AEueaeque
516 714 589 794 mei,
612 735 692 804 quos
705 735 791 780 nune
805 713 940 781 Lavinis
950 715 1039 782 sedes

329 821 443 886 Servat
458 832 490 885 et
504 819 695 898 Albulam,
718 831 751 884 et
765 829 901 906 quorum
916 821 1000 886 lucet
1012 821 1049 886 in
1062 822 1126 888 nri's‘

329 925 420 1014 Ignis
433 924 540 992 adhuc
554 923 725 1014 Phrygius,
748 924 889 1012 nullique
902 938 1028 1013 aspecta
1043 927 1183 998 virorum

332 1030 445 1110 Pallas,
468 1031 503 1096 in
518 1031 661 1097 ahuuso
673 1031 791 1120 pignus
805 1021 1008 1100 memorabile
1021 1032 1150 1120 templo,
1243 1051 1246 1058 ·

168 1165 171 1170 ·
243 1143 306 1203 995
329 1135 444 1202 Gentis
456 1136 681 1203 tumescis
695 1135 883 1204 ominium
897 1138 959 1204 aris
997 1178 1000 1186 ·

331 1243 401 1310 Dat
414 1243 467 1330 pia
481 1243 577 1310 thu'ru
590 1265 702 1330 nepos,
724 1255 828 1310 etuas
839 1243 964 1310 insede
978 1244 1078 1330 priori
1104 1288 1107 1296 .
1179 1297 1184 1302 .

332 1355 409 1421 Rite
422 1367 532 1422 vocat:
555 1356 629 1422 date
643 1355 747 1422 felices
761 1357 796 1420 in
810 1368 926 1423 caetsss
939 1377 1069 1422 curam:
1132 1365 1136 1392 ²
1178 1387 1190 1396 a
1260 1369 1264 1383 ·

333 1459 511 1526 Restituam
526 1461 671 1548 pupulos.
691 1472 784 1550 grata
797 1461 865 1526 vice
879 1462 999 1527 incuria
1012 1461 1146 1528 reddent

201 1651 203 1658 Ι
323 1541 508 1632 'Ausonida
523 1565 718 1655 Phrygibus,
742 1567 953 1654 Raurana'que
965 1567 1123 1655 Pergama
1137 1578 1280 1656 surgent.

226 1675 309 1734 1000
333 1672 387 1738 Sic
399 1672 490 1750 sats,
514 1671 629 1757 repetit
643 1671 764 1749 classa
788 1685 821 1738 et
835 1671 1055 1740 totasocuudis

331 1776 413 1842 Vela
427 1776 516 1841 dedit
532 1775 635 1855 Coris,
659 1775 832 1864 avidusque
846 1789 980 1866 urgente
993 1777 1133 1864 procella
1192 1787 1196 1796 '

331 1881 443 1946 Iliacas
456 1901 590 1967 pensare
604 1902 720 1959 moras,
745 1882 917 1969 Asiamque
931 1894 1092 1968 potantem

330 1983 540 2064 Praevelritur,
563 1983 741 2075 pelagoque
758 1987 900 2052 Rhodon
915 2000 1080 2073 spumante
1099 1987 1262 2076 relinquit.

333 2091 475 2178 Septima
486 2112 562 2169 nox,
587 2090 738 2179 Zephyro
753 2109 917 2179 nunquam
931 2090 1060 2158 laxante
1070 2093 1220 2160 mentes

225 2201 307 2260 1005
331 2195 484 2262 Ostendit
495 2195 620 2262 Phariis
635 2195 792 2285 AEgyptia
806 2197 917 2262 littura
928 2187 1073 2262 flammis·

334 2302 400 2368 Sed
413 2301 502 2388 prius
515 2313 586 2367 orta
600 2300 668 2366 dies
682 2310 873 2369 nocturnam
887 2301 1036 2388 lampada
1046 2303 1138 2390 teuit,

288 2471 290 2478 ,
332 2405 441 2484 Quam
457 2416 544 2472 tutas
553 2406 687 2472 intraret
697 2429 805 2494 aquae.
825 2406 874 2470 ibi
889 2406 984 2492 plena
998 2406 1136 2474 tumultu
1195 2471 1200 2476 .

333 2511 472 2590 Littora,
488 2522 520 2576 et
534 2512 658 2578 incerto
673 2511 815 2577 turbatas
829 2533 994 2577 murmure
1006 2533 1098 2578 voees

336 2617 483 2704 Accipit:
510 2639 548 2683 ao
563 2616 668 2683 dubiis
681 2617 800 2684 veritus
814 2617 993 2684 accredere
1005 2617 1110 2708 regnis

228 2728 312 2786 1010
336 2722 500 2788 Abstinuit
514 2722 627 2788 tellure
641 2720 727 2788 ratis.
751 2721 806 2788 sed
822 2722 893 2788 dira
907 2722 1030 2807 satelles

336 2827 434 2917 Regis
448 2827 662 2906 dona'sereus,
678 2826 822 2892 medium
837 2839 1005 2913 prouectus
1017 2827 1052 2892 in
1065 2849 1187 2916 sequor,

336 2933 662 3024 CollageritMsgni,
683 2931 1108 2998 Pharioselaminetectas·
1186 3016 1189 3022 Ι
1302 2993 1308 3002 .

217 3103 225 3119 ,
334 3044 385 3106 Ac
399 3041 487 3127 prius
500 3037 633 3104 infanda
647 3038 855 3104 commendat
867 3038 1001 3104 crimina
1014 3059 1101 3124 rom.

381 3145 556 3211 Terrarum
571 3142 721 3221 domitor,
742 3143 901 3210 Rosuanae
914 3145 1053 3210 maxime
1066 3143 1188 3233 gentis3

228 3255 310 3315 1015
332 3248 387 3328 Et,
403 3249 490 3337 quod
504 3247 609 3314 adhuc
625 3248 737 3326 nescis,
753 3269 874 3338 genem
888 3269 997 3316 secuse
1010 3259 1174 3336 peremtus

336 3355 411 3420 Rex
425 3353 483 3419 tibi
499 3353 634 3420 Pellaeum
648 3365 743 3418 terrm
756 3355 925 3444 pelagique
938 3355 1061 3422 labores

336 3457 460 3538 Donat,
477 3469 519 3539 et,
542 3457 699 3526 Emathiis
714 3459 803 3546 quod
819 3460 921 3526 solum
935 3459 1036 3527 defuit
1049 3458 1154 3536 armis,

335 3563 496 3632 Exhibet:
520 3565 646 3632 absenti
659 3563 781 3630 bellum
796 3564 888 3631 civile
901 3576 1066 3652 peractum
1078 3575 1135 3632 est.

258 3767 329 3816 sols.
344 3789 411 3808 -·-
431 3762 514 3816 Tenoe'
529 3765 656 3828 pelagique
679 3765 777 3830 tatem]
846 3771 917 3816 lost.
934 3791 1000 3805 -
1015 3767 1072 3815 Jssn
1082 3765 1198 3827 longuida
1210 3774 1288 3816 aare

226 3846 321 3895 Omnes
330 3845 381 3896 lere
388 3843 485 3896 codices
495 3845 700 3908 Bellipelagiqss.
717 3843 780 3892 Nos·
933 3843 1032 3908 Effigies
1044 3843 1151 3890 taluam
1170 3846 1222 3892 nost
1241 3855 1387 3900 mutam

224 3932 261 3974 ter
271 3923 306 3975 iii.
325 3929 364 3974 24.
811 3922 878 3990 oria]
889 3921 959 3971 Nihil
970 3921 1012 3970 illo
1020 3923 1153 3984 Languida
1163 3920 1320 3986 lenguidius.
1339 3929 1387 3976 Au

172 4005 174 4012 ’
249 4011 422 4055 miurus
430 4008 747 4063 mmmmm
812 4001 917 4066 languor
928 3999 1039 4048 habituum
1049 3999 1097 4047 oris
1110 4000 1256 4049 mutaverit?
1276 4001 1389 4054 Poteris

225 4087 299 4138 Silius
314 4087 339 4137 ii.
350 4091 407 4138 572.
670 4124 679 4142 .
773 4115 775 4120 -
814 4081 919 4132 ,Laridn
955 4076 1026 4128 Ouid
1044 4077 1107 4127 Met·
1124 4078 1171 4127 xiv.
1188 4081 1244 4129 747.

245 4176 757 4230 *mkmmwmmm
833 4200 1390 4272 *mmmmmcebatmbrateretsu

225 4267 376 4318 Claudianus
385 4277 469 4317 tamen
479 4267 506 4316 in
517 4267 591 4318 laude
603 4267 699 4320 Semne
709 4281 729 4316 v.
739 4269 778 4316 26.

227 4348 308 4398 Tm
314 4348 440 4412 pelagique
450 4347 545 4396 latona.
787 4325 974 4442 5Sodsc1'ipsit
985 4325 1078 4390 opinor,
1090 4323 1173 4376 Po'e'ta.
