2984 5022
205 301 278 365 aas
507 281 567 363 M.
605 284 809 362 Auum
846 243 1077 364 Lucani

318 502 373 566 An
388 499 427 564 sit
441 499 505 564 vita
519 497 608 576 nihil,
620 497 675 564 sed
689 499 819 589 longam
833 498 958 564 differat
972 498 1067 566 aetas?

316 607 372 672 An
385 615 498 670 noceat
512 604 559 670 via
573 603 637 670 ulla
651 604 763 670 bonol
779 605 982 692 Fortunaque
997 605 1111 690 perdat

190 723 191 726 ’
232 713 296 778 570
317 710 475 796 Opposita
488 710 604 775 virtute
619 709 738 788 minas?
759 709 981 798 laudandaque
996 711 1072 776 velle

238 799 244 822 Ι
318 816 367 881 Sit
381 814 466 893 satis,
482 826 514 880 et
527 833 690 902 nunquam
705 837 849 882 successu
864 829 982 894 crescat
993 815 1183 882 honestum?

318 921 453 1000 ScimuS,
469 932 501 985 et
515 919 578 985 hoc
592 920 684 986 nobis
694 943 758 986 non
774 921 867 993 altius
882 899 998 986 inserat
1009 922 1161 988 Ammon.

317 1025 488 1096 Haercmus
503 1028 608 1091 cuncti
625 1027 764 1113 Superis,
781 1026 962 1114 temploque
976 1039 1100 1094 tacente

275 1219 277 1226 Ι
319 1130 377 1195 Nil
389 1129 520 1196 facimus
534 1153 599 1196 non
616 1143 727 1218 sponte
743 1132 823 1198 Dei:
845 1153 905 1196 nec
921 1132 1049 1198 vocibus
1065 1131 1135 1198 ullis
1252 1217 1255 1220 -

233 1239 296 1301 575
320 1234 448 1302 Numen
459 1237 540 1324 egit:
563 1236 708 1324 dixitque
722 1237 819 1303 semel
833 1238 1033 1304 nascentibus
1048 1241 1178 1304 auctor'

319 1340 483 1427 Quicquid
498 1342 575 1406 scire
589 1341 678 1408 licet:
696 1343 830 1422 sterileis¹
840 1365 900 1408 nec
915 1343 991 1430 legit
1005 1364 1126 1421 arenas,

319 1446 368 1512 Ut
382 1461 509 1512 caneret
521 1447 642 1532 paucio,
658 1449 829 1534 mersitque
838 1447 900 1514 hoc
914 1447 1044 1534 pulvere
1058 1468 1184 1512 verum:

318 1552 418 1618 Estne
433 1552 497 1618 Dei
513 1553 600 1620 sedes
614 1555 675 1619 nisi
689 1566 782 1632 terra,
800 1567 831 1620 et
844 1568 971 1640 pontus,
987 1566 1019 1618 et
1034 1560 1097 1631 siin,

317 1659 360 1723 Et
374 1658 501 1737 coelum,
517 1671 548 1724 et
566 1659 687 1726 virtus?
703 1661 841 1746 Superos
855 1660 930 1746 quid
947 1659 1117 1746 quaerimus
1130 1655 1238 1724 ultra?

233 1772 297 1828 580
316 1763 464 1850 luppiter
479 1776 525 1829 est
539 1765 752 1851 quodcunque
764 1765 861 1844 vides,
878 1763 1218 1853 quocunquemovcris.

320 1866 482 1955 Sortilegis
497 1879 612 1956 egeant
622 1869 720 1948 dubii,
738 1892 921 1957 semperque
932 1869 1044 1934 futuris

319 1969 452 2036 Casibus
467 1975 635 2060 ancipites:
653 1996 704 2040 me
718 1997 784 2040 non
800 1975 928 2068 oracula
939 1987 1070 2052 certum,

320 2075 383 2140 Sed
399 2099 484 2142 mors
499 2091 585 2144 certa
597 2078 691 2145 facit:
714 2079 847 2164 pavido,
861 2079 996 2166 fortique
1010 2076 1187 2146 cadendum
1199 2087 1257 2142 est.

319 2179 396 2246 Hoc
411 2182 484 2246 satis
499 2193 545 2249 est
559 2183 675 2250 dixisse
684 2184 806 2250 Jovem.
853 2185 906 2250 Sic
920 2183 973 2258 ille
986 2182 1129 2270 profatur
1144 2204 1153 2245 :

230 2291 293 2350 585
319 2287 510 2375 Servataque
525 2288 590 2354 lide
605 2290 715 2376 templi
730 2289 862 2355 discedit
877 2289 917 2353 ab
931 2289 1004 2367 aris,

313 2390 391 2457 Non
405 2392 606 2478 exploratum
622 2394 747 2482 populis
759 2396 921 2460 Ammona
935 2393 1123 2480 relinquens.

359 2496 433 2583 Ipse
443 2519 541 2564 manu
556 2522 612 2564 sua
622 2499 687 2586 pila
701 2521 826 2588 gerens,
841 2499 994 2584 praecedit
1009 2496 1113 2563 anheli

318 2604 433 2672 Militis
447 2591 505 2674 ora
519 2607 631 2694 pedes:
655 2618 810 2674 monstrat
821 2606 956 2673 tolerare
971 2604 1105 2684 labores,

283 2733 287 2740 ’
318 2711 396 2780 Non
407 2713 515 2799 jubet:
540 2724 572 2780 et
581 2712 667 2780 nulla
682 2714 806 2779 vehitur
821 2715 942 2778 cervice
957 2715 1097 2800 supinus,

231 2823 295 2882 590
316 2816 517 2904 Carpentove
531 2819 651 2886 sedens.
667 2819 770 2885 somni
785 2820 985 2905 parcissimus
999 2819 1066 2904 ipse
1078 2827 1137 2895 est,

318 2924 460 2990 Ultimus
475 2924 606 2992 haustor
617 2950 718 3014 aquae.
742 2949 815 2992 cum
830 2927 959 2992 tandem
973 2923 1060 2990 fonte
1075 2931 1201 3010 reperto

316 3027 434 3118 Indiga
448 3041 582 3119 cogatur
589 3030 700 3097 latices
709 3045 820 3117 potare
830 3033 989 3118 juventus,

316 3133 396 3212 Stat,
414 3133 492 3200 dum
503 3135 568 3202 lixa
581 3135 680 3202 bibat.
726 3137 761 3203 Si
776 3137 857 3226 repis
872 3157 988 3224 magna
1001 3145 1132 3219 paratur

204 3335 354 3396 rumpendot.
367 3334 444 3396 Apud
449 3335 562 3384 Curtium
567 3337 762 3387 AlexandertEo
795 3340 879 3386 tuamet
891 3334 1012 3400 Amorum]
1030 3330 1186 3382 Conveniunt
1193 3344 1251 3380 mm
1262 3329 1353 3378 hisllln

207 3429 262 3462 aum
273 3415 345 3476 stirpe
354 3416 455 3474 genuus,
467 3424 494 3464 ut
504 3419 601 3465 multam
607 3420 678 3480 priua
689 3433 763 3480 mm
793 3429 848 3479 quaa
863 3414 895 3462 ad
905 3413 986 3462 locum
997 3410 1111 3475 Epicteti,
1128 3409 1183 3460 ἴαν
1195 3411 1304 3474 unani,
1316 3409 1351 3458 alt

204 3492 376 3554 longumuitum
385 3493 571 3556 debeamoptura.
585 3493 691 3544 Grotius.
720 3496 763 3544 Se·
796 3491 939 3552 Simplicius
952 3491 1000 3559 ‘'tl
1017 3489 1062 3556 νὴ
1079 3489 1122 3538 en»
1139 3491 1171 3552 lo'
1187 3489 1240 3550 ὑμῖν
1256 3489 1270 3536 l
1286 3487 1354 3551 xpel·

204 3583 264 3616 neca
281 3568 338 3618 Nat.
360 3568 451 3626 Quest.
472 3570 504 3619 vi.
523 3573 568 3621 tub
585 3571 666 3622 linem.
702 3576 759 3630 Qua
793 3573 896 3632 μαντείας
909 3575 949 3622 ris·
960 3569 1007 3634 γὰρ
1016 3566 1161 3628 ptumum
1173 3568 1191 3614 α’
1201 3565 1249 3633 χρὴ
1264 3565 1352 3616 rina·

152 3662 156 3671 ·
203 3646 359 3711 omniaferet
369 3657 507 3704 constanter,
523 3652 546 3698 ai
555 3652 690 3712 cogitauerit
700 3654 760 3702 nrlttl
792 3655 824 3704 τὸ
840 3653 1037 3717 messmam,
1051 3651 1189 3718 ellim&
1200 3652 1262 3714 pe'eo
1274 3655 1353 3704 banl-

203 3726 313 3776 intereaae
324 3728 386 3776 inter
398 3728 508 3789 eniguum
519 3737 608 3790 tempus
619 3745 648 3778 aa
659 3731 762 3792 magum.
795 3753 837 3786 aaa
868 3733 903 3780 Et
914 3747 984 3782 mox:
999 3717 1070 3798 alque
1078 3731 1133 3798 ielis
1146 3731 1213 3792 λέγοι
1224 3731 1353 3800 ὖσιγιρείιι

204 3799 282 3862 Epist.
300 3806 337 3852 70.
355 3808 484 3864 Praeterea,
503 3810 696 3871 quemadmodum
713 3827 762 3860 non
793 3809 832 3858 lu'a
851 3811 1003 3877 squirense«,
1023 3808 1101 3857 ταῦτα
1119 3805 1152 3857 δυ’
1166 3811 1237 3857 ποιῶ
1260 3811 1305 3859 ul
1318 3813 1354 3874 pl

204 3881 286 3942 utique
302 3885 384 3932 melior
395 3894 428 3934 att
438 3888 531 3949 longior
541 3888 597 3944 uita,
609 3889 645 3936 tic
653 3888 720 3951 quor
730 3907 760 3938 u-
795 3892 881 3955 lgauit.
916 3887 1035 3937 Arrianus
1045 3887 1070 3936 ii.
1084 3891 1107 3936 7.
1118 3889 1148 3935 ἂι
1158 3887 1209 3951 ἔχοι
1220 3887 1258 3936 ris
1266 3890 1355 3949 μόνω

203 3956 268 4018 lique
284 3964 454 4026 moralottgior.
486 3964 527 4012 De
546 3963 595 4012 vito
611 3965 711 4014 matta.
723 3973 763 4017 21.
795 3972 840 4024 itu,
858 3965 1049 4034 clusiensium
1060 3966 1100 4018 elta
1110 3965 1299 4030 ὗνίαιτῢιὶγιθῦ
1309 3967 1354 4018 nul

204 4032 253 4080 Ille
261 4036 412 4100 philosophia
422 4043 540 4090 studiosus
553 4067 587 4080 -
597 4044 659 4092 iuter
670 4045 761 4106 lougius
797 4045 826 4094 ei
843 4045 912 4094 saal.
947 4042 1056 4091 Grotius.

203 4116 295 4172 wmput
305 4122 327 4162 et
341 4117 431 4166 brevius
447 4121 509 4168 rutil
520 4119 740 4182 interessejudt'oot'.
822 4127 879 4173 578.
897 4123 972 4172 Estne
982 4123 1032 4170 Dea·
1042 4123 1104 4172 aedes
1118 4121 1168 4170 aiaa'
1178 4128 1250 4176 term,
1258 4130 1281 4170 at
1287 4137 1354 4184 pon·

235 4191 291 4238 57¹·
308 4198 494 4248 -ditocesau
505 4200 758 4267 monetaneum]
923 4202 1060 4255 tuncto'e‘r,

203 4266 295 4318 Seneca
304 4269 380 4332 Epist.
391 4289 413 4336 p.
426 4279 482 4324 515.
499 4280 548 4327 Scit
563 4286 665 4340 tempore
675 4282 758 4330 loncs-
890 4283 923 4330 Et
944 4285 1034 4339 caelum,
1054 4291 1076 4332 et
1099 4279 1206 4348 maol]
1226 4282 1266 4332 lta
1287 4289 1354 4331 reete

202 4353 227 4394 1⁰
238 4363 286 4396 Μ
297 4364 402 4400 mesces-a.
792 4359 849 4409 MS.
864 4375 922 4416 non,
934 4362 1032 4424 Estque.
1067 4359 1156 4410 Ullnne
1165 4361 1213 4410 alia
1232 4361 1273 4410 dei
1283 4359 1356 4410 eadee

234 4427 289 4476 572·
307 4431 405 4490 Scimus,
424 4442 447 4484 et
468 4435 512 4483 ltoc
530 4434 596 4484 auia
612 4449 662 4484 non
681 4437 756 4486 ultim
790 4447 832 4498 est,
843 4454 916 4505 quum
928 4439 1075 4500 universum.
1092 4449 1118 4489 et
1132 4455 1203 4490 mens
1213 4439 1356 4504 sapientis?

757 4520 773 4562 5
