2984 5022
208 317 283 381 nr
378 377 382 387 f
450 411 453 426 Ι
501 305 556 382 m.
591 306 802 386 suuni
835 307 1066 387 Lucam

321 536 549 625 Europamque
563 538 641 604 alios
652 538 732 604 soles
744 539 915 627 Asiamque
929 539 1100 608 videntem.

322 647 398 724 Qua
411 659 443 712 te
453 661 544 734 parte
556 649 634 736 poli,
657 663 767 738 quate
781 650 894 716 tellure
908 652 1032 739 reliqui,

319 751 455 818 Africa?
477 753 610 842 Cyrenis
624 757 718 821 mam
732 779 818 822 nuuc
832 757 946 823 bruma
958 757 1092 846 rigebat.

236 863 299 926 875
322 859 491 950 Exiguane
506 861 557 927 via
571 861 671 951 legem
687 863 898 929 convertimus
914 862 1014 929 anni?

322 966 410 1032 Imus
424 966 457 1030 in
469 965 614 1032 adversos
630 989 723 1032 axes:
747 968 919 1033 evolvimur
933 967 1034 1034 orbe.-

318 1050 428 1162 Terga
442 1072 553 1138 damus
567 1071 708 1138 ferienda
722 1073 820 1138 Noto.
842 1095 928 1139 nunc
942 1071 1074 1138 forsitan
1089 1075 1157 1161 ipsa
1169 1086 1218 1140 est

324 1176 391 1243 Sub
406 1175 539 1262 pedibus
549 1177 616 1264 jam
633 1177 739 1242 Roma
752 1177 840 1242 meis.
863 1177 974 1244 solatia
987 1178 1043 1244 fati

320 1282 407 1349 Haec
422 1283 572 1368 petimus:
595 1283 722 1348 veniant
735 1283 851 1362 hostes,
869 1283 1041 1371 caesarque
1054 1293 1203 1372 sequatur

235 1394 300 1453 880
322 1387 398 1465 Qua
411 1387 558 1476 fugimus.
581 1388 625 1454 sic
639 1389 720 1454 dura
735 1411 808 1454 suos
820 1388 976 1476 patientia
991 1399 1117 1477 questus

323 1490 506 1559 Exonerat:
530 1493 617 1583 cogit
631 1505 736 1558 tantos
749 1491 885 1559 tolerare
898 1493 1024 1560 labores

322 1599 455 1664 Summa
467 1598 556 1664 ducis
570 1599 680 1678 virtus,
704 1599 759 1686 qui
775 1598 862 1664 nuda
876 1598 963 1665 fimus
978 1621 1077 1665 arena

320 1701 481 1782 Excubat,
502 1715 596 1790 atque
610 1704 698 1768 omni
711 1702 887 1768 Fortunam
900 1714 1054 1790 provocat
1067 1701 1157 1769 hora.

320 1806 479 1872 Omnibus
492 1829 575 1872 unus
589 1808 679 1872 adest
692 1807 781 1872 fatis:
802 1829 990 1895 quocunque
1000 1819 1130 1873 vocatur

233 1918 297 1994 888Ι
321 1911 468 1991 Advolat,
484 1923 579 1998 atque
593 1912 706 2001 ingens
716 1913 875 1993 meritum,
892 1915 1053 2000 majusque
1066 1913 1166 1979 salute

320 2016 475 2096 Conmlit,
486 2017 521 2081 in
535 2016 634 2082 letum
649 2015 746 2082 vires:
769 2016 945 2105 puduitque
958 2027 1138 2106 gementem

321 2121 382 2189 Illo
396 2134 475 2188 teste
489 2122 581 2200 mori,
598 2121 684 2209 quod
695 2122 747 2199 jus
756 2121 917 2188 habuisset
930 2123 964 2187 iu
978 2123 1084 2207 ipsum

322 2226 400 2294 Ulla
414 2225 507 2294 lues?
529 2249 617 2292 casus
630 2227 732 2292 alieno
746 2227 781 2293 in
795 2237 925 2314 pectore
939 2228 1049 2306 vineit,

327 2333 558 2420 Spectatorque
572 2332 667 2398 docet
682 2355 815 2421 magnos
829 2330 873 2397 nil
888 2354 980 2419 posse
990 2332 1124 2398 dolores.

145 2468 148 2476 ¹
234 2444 300 2512 890
369 2437 432 2504 Vix
446 2437 567 2504 miseris
582 2459 685 2504 serum
701 2449 792 2504 tanto
806 2437 918 2504 lassata
931 2436 1052 2524 periclo

323 2535 490 2611 Auxilium
508 2542 652 2610 Fortuna
667 2543 764 2610 dedit
787 2565 866 2633 gens
880 2544 974 2610 unica
989 2555 1087 2610 terras
1186 2581 1205 2602 υ

320 2649 436 2716 Incolit
451 2671 567 2716 asaevo
582 2661 762 2736 serpentum
778 2649 910 2728 innoxia
925 2671 1034 2718 morsu

320 2755 529 2824 Marmaridae
546 2755 663 2845 Psylli:
685 2779 744 2842 par
757 2755 867 2847 lingua
881 2757 1062 2844 potentibus
1074 2753 1196 2822 herbis:

318 2861 393 2949 lpse
406 2885 501 2930 cruor
513 2873 611 2942 tutus,
626 2861 810 2950 nullumque
825 2864 990 2930 admittere
1005 2863 1101 2942 virus,

234 2973 296 3034 895
319 2965 380 3030 Vel
395 2978 491 3031 cantu
506 2979 657 3045 cessante,
679 2977 794 3051 potest.
817 2968 1088 3034 naturalocorum
1144 3005 1149 3014 ι

317 3071 416 3138 Jnssit
431 3082 466 3138 ut
478 3070 635 3136 immunes
648 3072 734 3138 misti
748 3075 944 3162 serpentibus
959 3084 1071 3140 essent.

318 3175 444 3244 Profuit
457 3177 492 3240 in
506 3175 617 3241 mediis
631 3177 738 3242 sedem
751 3181 891 3265 posuisse
906 3179 1042 3246 venenis.

320 3282 392 3349 Pax
405 3281 466 3348 illis
481 3304 553 3348 cum
569 3295 672 3348 morte
686 3283 762 3348 data
776 3296 831 3351 est.
855 3285 972 3352 fiducia
985 3294 1075 3350 tanta
1087 3291 1135 3348 est

322 3387 515 3479 Sanguinisr
537 3388 572 3454 in
588 3399 705 3455 terram
720 3412 835 3476 parvus
850 3413 924 3457 eum
937 3391 1055 3458 decidit
1068 3387 1180 3467 infans,

209 3597 267 3647 baut
278 3595 354 3645 MSS.
368 3593 435 3659 qued
452 3593 580 3654 efficacius,
596 3595 627 3642 ab
638 3609 765 3657 oppugne-
796 3597 855 3657 lum,
867 3598 927 3648 dum
937 3596 1096 3648 commodam
1105 3593 1163 3658 ipsis
1173 3591 1270 3656 aspirat.
1287 3592 1352 3642 Gro-

208 3672 491 3727 rodbusmbiumuaea
501 3670 667 3722 emilianae
701 3671 763 3738 οω-
796 3677 852 3728 rius

210 3751 266 3800 21⁰⁸·
334 3801 337 3808 .
683 3779 688 3792 ·
739 3759 740 3762 ’
830 3761 886 3808 889.
901 3781 969 3798 --
980 3756 1027 3806 Nil
1038 3767 1105 3817 posse
1114 3748 1223 3815 dolona]
1255 3748 1314 3798 ΜΒ.
1323 3746 1353 3797 Ρ.

244 3835 299 3879 ⁸⁸4·
312 3829 646 3894 omnibuwnsswdsslfilf&
659 3845 762 3894 wm-
794 3838 889 3886 laborer.
924 3831 1031 3883 Grotius.
1065 3827 1186 3885 Atnostri
1196 3841 1282 3876 omnm
1297 3826 1351 3874 Do·

208 3909 369 3976 quereretur]
395 3907 477 3958 Codex
497 3907 638 3956 Puteaneua
649 3921 705 3953 cum
717 3905 762 3954 ali.
794 3919 860 3975 pm,
877 3911 942 3979 quod
952 3909 1095 3960 metium.

208 3993 269 4050 quot
292 3984 345 4033 aliis
367 3985 472 4036 Muris.
507 3985 599 4034 Seneca
620 3982 698 4046 Epist.
721 3983 762 4032 sui
827 3980 1353 4052 commanducandum&

211 4065 270 4116 mn
280 4064 419 4125 ertsscurdi
430 4067 500 4114 larua
511 4066 543 4112 od
553 4063 653 4112 miseros
663 4063 762 4111 aemma
794 4071 887 4139 mum]
920 4069 1028 4132 Inpone,

207 4152 248 4193 tur
257 4157 287 4191 er.
304 4159 368 4206 opem
384 4142 517 4192 velatarum
532 4141 668 4206 naufragis.
679 4140 762 4202 captis,

207 4225 286 4287 aegn'r,
296 4221 425 4284 ιριηεῶω,
441 4224 539 4270 intenta
549 4222 626 4270 mouri
636 4218 760 4282 motum

204 4302 371 4367 maenibus
382 4311 454 4362 eaput
461 4297 629 4363 pollicitum.
794 4279 1203 4348 Μ)001181)Ῑῑ“θ“0(1ὶ88Ιιιιιὶθιιι
1228 4273 1353 4330 mmm·

240 4385 296 4432 888.
310 4384 459 4432 morsus
474 4383 550 4430 odero
564 4381 590 4428 a'u
605 4387 696 4443 peram
709 4379 762 4425 οἰη-
794 4367 872 4418 immc
894 4372 1030 4426 utrumque,
1051 4357 1201 4409 Claudianus
1220 4348 1353 4418 praeambit

208 4459 259 4528 cit]
278 4460 335 4525 Ipse
345 4461 373 4512 ln
383 4459 493 4511 militium
503 4457 616 4510 cordibus
626 4455 702 4508 vincit
709 4466 764 4504 mr·
795 4447 839 4515 qui
848 4445 932 4499 locum
941 4444 1009 4494 hune
1024 4452 1076 4506 pra
1090 4435 1168 4490 oculis
1183 4433 1279 4496 habuit,
1294 4441 1353 4484 mu

820 4189 933 4238 Implumes
940 4184 1030 4226 NIDOS
1040 4182 1087 4222 solis
1093 4175 1316 4220 conmemorans.
