2924 4986
388 317 746 397 PHARSALIAE
779 315 892 394 LIB.
924 317 1036 394 VIII.
1196 326 1270 394 349

239 533 327 598 Arva
341 555 434 618 super
447 531 563 596 nimios
577 530 667 610 soles,
684 532 901 619 Austrumque
909 510 1052 617 jacentis.

146 644 212 703 165
238 640 331 724 Saepe
344 638 438 704 labor
450 633 579 702 moestus
595 659 754 716 curarum,
765 637 937 725 odiumque
950 637 1048 704 futuri

235 743 373 830 Projecit
386 742 482 808 Iessos
495 743 609 808 incerti
622 743 758 828 pectoris
773 755 879 820 aestus,

239 848 473 935 Rectoremque
486 848 562 912 ratis
577 847 618 912 de
632 847 753 914 cunctis
768 847 901 914 consulit
915 847 1024 925 astris3

235 959 333 1026 Unde
347 971 436 1026 notet
449 971 561 1038 terras:
583 983 655 1047 quae
669 961 709 1056 sit
721 982 868 1026 mensura
883 959 1010 1024 secandi

233 1071 386 1160 AEquoris
400 1072 434 1136 in
449 1072 542 1150 coelo;
566 1073 691 1160 Syriam
705 1093 769 1159 quo
784 1071 885 1137 sidere
899 1085 1018 1138 servet:
1266 1141 1269 1150 ¹

146 1179 212 1244 170
235 1179 304 1244 Aut
318 1190 432 1265 quotus
446 1179 479 1242 in
491 1178 633 1264 plaustro
647 1178 783 1264 Libyam
797 1177 878 1242 bene
890 1178 1012 1267 dirigat
1025 1178 1117 1267 ignis.
1158 1199 1159 1202 ’

231 1283 356 1350 Doctus
370 1283 411 1348 ad
428 1283 498 1348 haec
513 1283 597 1349 fatur
611 1283 698 1350 taciti
711 1294 851 1348 servator
867 1282 1011 1370 Olympi:

235 1389 395 1476 Signifero
408 1411 606 1476 quaecunque
619 1389 723 1454 fluunt
735 1388 873 1453 labentia
887 1389 977 1466 coelo,

236 1493 411 1580 Nunquam
425 1505 528 1560 stante
541 1493 627 1580 polo,
642 1495 773 1558 miseros
786 1493 926 1560 fallentia
940 1504 1052 1559 nautas

235 1599 345 1666 Sidera
359 1615 426 1664 non
441 1599 613 1687 sequimur:
637 1599 690 1664 sed
706 1600 761 1686 qui
776 1621 842 1664 non
857 1599 1012 1688 mergitur
1025 1599 1121 1666 undis

142 1707 204 1771 175
229 1704 311 1770 Axis
325 1705 518 1784 inocciduus,
541 1705 669 1794 gemina
683 1704 871 1770 clarissimus
887 1705 1005 1770 Arcto:
1262 1723 1270 1790 j
1367 1745 1368 1753 κ

233 1811 293 1875 Ille
306 1811 388 1900 regit
397 1831 528 1898 puppes
561 1810 615 1875 hic
629 1831 702 1876 cum
717 1811 797 1876 mihi
812 1830 935 1898 semper
949 1810 982 1874 in
998 1810 1099 1876 altum

232 1915 360 2004 Surget,
384 1928 416 1982 et
429 1905 558 1983 instabit
572 1916 702 1981 summis
715 1916 821 1981 minor
836 1916 923 1983 Ursa
937 1916 1099 1982 ceruchis:

232 2021 413 2106 Bosporon,
429 2031 461 2086 et
478 2020 618 2107 Scythiae
631 2015 815 2086 curvantem
829 2021 937 2086 littora
951 2033 1088 2107 pontum

232 2126 426 2210 Spectamus.
452 2125 604 2212 quicquid
618 2125 787 2191 descendet
798 2125 839 2189 ab
853 2125 968 2190 arbore
981 2149 1106 2193 summa

144 2241 207 2300 180
232 2232 463 2320 Arctophylax,
478 2235 672 2322 propiorque
686 2235 767 2298 mari
783 2233 951 2322 Cynosura
959 2234 1091 2314 feretur,

232 2339 273 2404 In
290 2332 391 2427 Syriae
404 2349 515 2426 portus
529 2339 637 2404 tendet
650 2339 736 2404 ratis.
759 2337 836 2402 inde
850 2337 1001 2426 Canopos

232 2445 362 2531 Excipit
377 2443 519 2510 Australi
534 2444 616 2508 coelo
630 2453 779 2510 contenta
792 2443 910 2533 vagari,

234 2549 332 2616 Stella
346 2550 460 2614 timens
476 2549 616 2615 Borean:
638 2549 692 2615 illa
707 2571 834 2637 quoque
847 2571 945 2638 perge
959 2548 1094 2628 sinistra,

213 2709 216 2717 ,
232 2653 337 2720 Trans
353 2655 497 2720 Pharon:
520 2655 555 2719 in
570 2654 675 2720 medio
686 2665 796 2744 tanget
809 2655 886 2720 ratis
900 2677 1028 2742 aequore
1045 2655 1177 2744 Syrtim.

144 2765 203 2825 185
231 2759 295 2827 Sed
310 2781 373 2846 quo
389 2757 459 2823 vela
472 2757 552 2836 dari,
577 2780 640 2846 quo
655 2781 741 2824 nunc
755 2760 837 2846 pede
851 2760 981 2826 carbasa
995 2760 1084 2826 tendi

230 2863 349 2930 Nostra
358 2861 473 2949 jubes?
490 2863 589 2930 dubio
604 2877 716 2930 contra
730 2865 782 2930 cui
796 2877 925 2951 pectore
939 2865 1094 2953 Magnus,

159 3002 162 3006 ¹
231 2969 309 3036 Hoc
323 2969 424 3034 solum
439 2979 528 3049 toto,
545 2971 721 3056 respondit,
736 2971 770 3036 in
785 2993 916 3060 aequore
931 2993 1033 3051 serva,
1155 2981 1159 3002 ¹

233 3081 280 3148 Ut
294 3082 335 3147 sit
349 3079 389 3147 ab
405 3081 561 3147 Emathiis
577 3105 700 3170 semper
715 3093 769 3150 tua
783 3084 910 3174 longius
925 3085 989 3149 oris

231 3185 362 3274 Puppis,
371 3197 410 3252 et
424 3185 617 3273 Hesperiam
631 3185 755 3276 pelago,
771 3189 915 3276 coeloque
929 3185 1105 3275 relinquas:

141 3299 208 3359 190
233 3291 358 3357 Caetera
372 3291 415 3358 da
428 3293 537 3357 ventis.
568 3291 728 3368 comitem,
745 3292 923 3381 pignusque
936 3280 1042 3380 recepi

229 3396 447 3483 Depositum:
457 3409 535 3463 tunc
550 3408 653 3463 certus
668 3419 764 3476 eram,
781 3419 854 3485 quae
868 3397 975 3464 littora
989 3397 1101 3464 vellem
1109 3423 1121 3476 ς

230 3509 327 3576 Nunc
341 3499 469 3596 portum
485 3509 629 3576 Fortuna
643 3509 741 3576 dabit.
774 3509 827 3575 Sic
840 3510 937 3576 fatur:
960 3523 993 3576 at
1007 3509 1059 3574 ille

228 3615 321 3682 Justo
335 3615 404 3680 vela
417 3615 515 3680 modo
529 3617 700 3702 pendentia
715 3615 863 3682 cornibus
878 3617 977 3704 aequis
1074 3615 1078 3622 ’

230 3721 349 3799 Torsit,
365 3732 397 3785 et
410 3719 445 3784 in
459 3720 575 3785 laevum
589 3723 723 3811 puppim
738 3721 836 3802 dedit,
859 3734 957 3810 utque
971 3730 1101 3800 secaret,

142 3832 206 3892 195
231 3824 321 3902 Quas
336 3823 423 3891 Asiae
435 3836 549 3904 cautes,
566 3839 598 3892 et
612 3850 689 3915 quas
706 3830 805 3895 Chios
820 3841 953 3916 asperat,
971 3825 1085 3904 undas,

229 3931 304 4000 Hos
318 3921 407 4002 dedit
420 3930 455 3996 in
469 3952 608 4018 proram,
625 3946 711 4001 tenet
724 3935 784 4002 hos
795 3935 829 4000 in
845 3956 953 4022 puppe
967 3931 1127 3999 rudentes.

113 4150 193 4204 altero
204 4157 292 4224 abhinc
302 4127 533 4217 versuhcbebamds,
548 4159 597 4214 cao
605 4157 679 4206 sidere
710 4158 751 4217 dii,
774 4161 837 4216 Quid
858 4161 885 4208 in
907 4158 1010 4208 murato
1026 4154 1260 4220 mojhciatnescr‘o:

116 4249 198 4288 servet
217 4242 314 4299 ·Qucrc
324 4243 452 4309 recipimus
469 4235 536 4318 qima
551 4243 627 4302 codex
639 4243 677 4294 Α.
709 4242 781 4298 etiam
802 4241 853 4289 cccli
873 4245 992 4287 scrutatur
1015 4239 1101 4299 plagas
1108 4257 1118 4293 .-
1134 4228 1266 4310 decasteri

115 4311 286 4397 cademieprq
297 4312 475 4380 vadclectichss
487 4339 536 4398 dag
708 4321 764 4368 uult.
802 4319 836 4368 Et
846 4333 910 4374 sane,
930 4329 1076 4380 quamquam
1088 4317 1183 4363 &roure
1201 4321 1265 4370 sapt

123 4461 126 4468 y
164 4401 472 4472 raatrsorurarorory111
581 4390 609 4458 “'.
709 4395 1016 4461 accumtproobrervare:
1028 4399 1133 4446 samm
1141 4399 1264 4438 ”mmm

90 4519 92 4524 .
121 4473 188 4530 Quod
205 4491 238 4531 etl
255 4493 311 4534 ande
322 4489 397 4547 pede&
413 4444 502 4563 nepum.
540 4475 606 4568 mit:
626 4489 678 4542 coelt‘
710 4491 790 4538 sensu,
806 4477 837 4526 οἱ)
852 4475 1007 4539 ambiguum!
1018 4483 1047 4524 Ut
1061 4487 1103 4537 W
1118 4463 1266 4524 mmm

117 4565 349 4630 muhammat.
364 4563 453 4644 Sarraea
468 4537 483 4582 ἢ
500 4535 592 4675 ’ἕως
605 4570 678 4624 Clau·
710 4551 783 4608 tiemo
792 4551 927 4619 usurparit.

485 4649 500 4691 θ
591 4653 594 4661 2
