2924 4986
255 404 257 412 Α
360 313 1005 399 ῬΗΑΒεΑΜΜΒΝη
1187 325 1259 398 se:

227 523 291 590 Sed
307 545 373 588 uon
387 523 562 611 implerunt
575 523 736 610 cupientes
751 525 860 590 omnia
874 535 1006 612 mentes.
1026 563 1027 566 =

26 666 27 675 κ
134 630 199 693 755
225 629 389 716 Quicquid
402 628 483 696 fodit
497 630 583 708 Iber,
600 630 751 718 quicquid
767 631 877 719 Tagus
888 629 1011 716 expulit
1024 627 1105 708 suri,

224 732 385 821 Quodque
399 735 477 824 legit
489 732 576 806 diues
592 737 722 801 summis
734 736 921 821 Arimaspus
936 734 1049 814 ererris,

224 840 273 906 Ut
287 841 422 926 rapient,
436 863 536 926 parvo
549 841 648 906 scelus
661 841 724 906 hoc
737 842 858 908 venisse
872 841 1042 927 putabunt,

226 946 310 1011 Cum
325 947 385 1010 sibi
401 947 554 1033 Tarpeius
565 949 666 1014 victor
679 948 885 1034 desponderit
899 969 1007 1012 arces:

225 1051 310 1117 Cum
325 1075 380 1138 spe
397 1053 554 1120 Romunae
568 1052 747 1140 promiserit
762 1055 871 1120 omniu
885 1053 1004 1138 praedae
1015 1077 1027 1117 :

130 1158 196 1220 760
219 1157 399 1244 Decipitur,
413 1160 501 1248 quod
515 1173 616 1226 cestre
629 1161 722 1246 rapit
749 1160 834 1245 capit
848 1161 946 1246 impia
959 1158 1066 1245 plebes

222 1262 351 1349 Cespite
365 1265 498 1350 patricio
512 1287 655 1332 somnos:
678 1287 876 1351 vecutunque
890 1263 994 1330 cubile

220 1366 363 1455 Regibus
377 1368 524 1434 infandus
540 1370 629 1434 miles
643 1368 772 1456 premit:
796 1369 893 1456 inque
906 1381 1087 1456 parentum,

217 1471 322 1557 Inque
337 1473 413 1540 toris
425 1472 560 1540 fratrum
574 1489 748 1560 posueruut
763 1475 907 1540 membre
921 1484 1088 1540 nocentes:

222 1574 314 1653 Quos
329 1576 428 1664 agitet
442 1600 557 1646 vesana
570 1580 668 1666 quies,
685 1580 851 1666 somnique
865 1579 1024 1648 furentes:

127 1682 189 1746 765
214 1681 429 1752 Thessalicam
445 1685 551 1750 miseri
565 1697 690 1752 versant
703 1687 738 1750 in
752 1699 881 1773 pectore
895 1707 1052 1776 pugnam.

214 1789 364 1876 Invigilat
378 1791 499 1866 cunctis
514 1813 632 1857 suevum
648 1792 755 1870 scelus,
768 1815 920 1879 armaque
933 1804 1002 1858 tota

215 1892 331 1959 Mente
344 1895 480 1982 agitent,
496 1897 672 1982 capuloque
686 1919 799 1966 munus
809 1899 939 1968 absente
954 1905 1131 1962 moventur.

216 1997 413 2086 Ingemuisse
425 2013 518 2084 putes
533 2023 673 2084 campos,
688 2013 868 2088 terramque
882 2014 1052 2068 nocentem

176 2117 180 2124 ’
203 2103 389 2199 Inspirasse
403 2089 534 2182 animes,
557 2105 771 2194 infectumque
785 2111 860 2172 edre
874 2117 978 2174 totum

128 2209 191 2273 770
216 2207 380 2287 Manibus,
397 2221 429 2272 et
443 2231 590 2294 superum
607 2211 719 2298 Stygia
732 2210 902 2276 formidine
915 2222 1054 2278 noctem.

215 2313 328 2400 Exigit
343 2336 362 2377 a
376 2313 496 2378 meritis
510 2314 625 2379 tristeis
640 2315 772 2382 victoria
781 2337 903 2400 potum,

215 2418 379 2506 Sibilaque
393 2430 424 2484 et
438 2417 581 2486 flammas
592 2419 687 2484 infert
700 2441 807 2505 sopor:
832 2421 946 2484 umbre
960 2416 1094 2503 peremti

215 2521 303 2589 Civis
318 2523 419 2590 adest:
444 2548 500 2590 suu
513 2546 670 2611 quemque
683 2525 800 2610 premit
814 2524 943 2588 terroris
957 2524 1074 2610 imago.

215 2627 276 2693 Ille
291 2652 401 2694 senum
416 2629 530 2706 vulnus,
542 2632 697 2715 juvenum
710 2629 798 2694 videt
811 2629 863 2694 ille
879 2629 1014 2716 figuras:

130 2733 193 2797 775
219 2733 322 2799 Hunc
338 2735 460 2822 agitant
474 2735 548 2800 totis
561 2735 700 2802 fraterne
713 2736 868 2802 cadavere
882 2735 1017 2800 somnis:

214 2843 351 2908 Pectore
365 2841 399 2904 in
414 2839 476 2904 hoc
490 2852 580 2926 puter
594 2853 650 2920 est,
674 2863 784 2906 omnes
797 2843 833 2906 iu
850 2842 977 2906 Caesare
991 2861 1111 2906 manes.

212 2948 318 3016 Haud
332 2948 408 3014 alios
423 2948 567 3014 nondum
584 2949 733 3036 Scythica
746 2962 901 3039 purgatus
915 2950 1020 3014 inere

212 3054 430 3122 Eumenidum
446 3055 643 3123 vidit-vultus
659 3056 816 3144 Pelopeus
834 3057 983 3122 Orestes:

210 3159 283 3225 Nec
298 3161 399 3248 magis
413 3161 563 3226 attonitos
578 3162 677 3225 animi
688 3184 812 3228 sensere
826 3144 993 3239 tumultus,

124 3265 189 3330 780
215 3266 302 3332 Cum
316 3265 434 3332 fureret
450 3265 697 3343 Pentheum-eut
710 3289 785 3332 cum
800 3266 928 3332 desisset
943 3267 1064 3354 Agave.

99 3504 141 3554 est,
159 3511 265 3562 queque
280 3497 350 3552 uobis
368 3497 473 3546 victorine
481 3496 537 3562 jure
552 3497 660 3548 debemr.
691 3497 784 3560 omnis,
795 3506 846 3546 uon
854 3504 938 3546 tumen
955 3497 1075 3558 putabunt
1088 3489 1248 3556 premieme-

100 3573 151 3623 Pro
162 3577 242 3625 tribus
259 3577 384 3638 postremis
391 3577 464 3640 hujus
472 3592 553 3626 versus
564 3579 661 3626 vocibus
692 3577 745 3626 ritis
756 3569 905 3640 respondere.
940 3574 1046 3623 Grotius.

99 3657 167 3717 prior
175 3657 272 3706 Luceni
282 3655 355 3707 editio
365 3657 464 3706 hebuit:
478 3661 518 3708 Sic
528 3662 602 3709 milite
603 3661 660 3724 jus·
727 3665 783 3711 760.
799 3686 864 3698 —
884 3661 952 3713 Quod
962 3664 1040 3705 caetra
1054 3649 1137 3716 rapit]
1157 3648 1248 3706 Castra,

100 3754 134 3795 sc,
153 3740 223 3802 quod
237 3737 311 3786 MSS.
323 3745 446 3786 testantur.
469 3739 576 3790 Grotius.
595 3741 662 3803 Lege
694 3754 744 3789 uun
757 3738 869 3788 Romam.
902 3735 1008 3784 Grotius.

101 3819 141 3866 Sic
149 3820 227 3868 milite
240 3818 308 3879 jusso
327 3815 412 3881 (altero
428 3831 498 3864 versu
518 3816 610 3881 deleto)
627 3821 662 3867 ἱνα
728 3821 782 3867 768.
798 3818 942 3878 Iugemubee
954 3823 1024 3876 putes
1040 3823 1138 3872 campos·
1150 3816 1249 3855 terrum·

101 3913 172 3958 super
182 3901 269 3952 eludes,
280 3897 322 3944 &c
356 3894 537 3944 Liviusxltve.
556 3899 662 3948 Pectore
824 3903 998 3959 queuuceotem

101 3978 208 4034 dimisso,
229 3985 376 4025 menstruum
393 3975 461 4039 jusso
481 3976 559 4026 milite
583 3993 663 4028 :emm
792 3976 925 4037 Inspirasse
946 3965 1058 4032 animm]
1088 3964 1182 4014 Omnes
1199 3965 1250 4013 fere

100 4053 182 4116 fem,
203 4064 281 4104 castra
292 4056 368 4102 mwt'l·
694 4053 786 4104 codices
811 4057 902 4102 Putem.
929 4065 987 4099 mox
1014 4045 1106 4108 corrige
1135 4045 1252 4094 Nocentes
1326 4054 1327 4057 ’

131 4136 194 4182 754.
213 4159 279 4172 -—
290 4132 431 4200 Implerunt]
445 4132 578 4193 Itsrecflus
589 4148 664 4202 quum
695 4136 826 4197 Inspirasse
836 4134 935 4179 unimus.
948 4127 1017 4190 Virg.
1025 4124 1064 4172 vii.
1075 4126 1132 4172 551.

104 4211 218 4272 Implevit·
249 4211 369 4260 Eslenlm
380 4210 406 4259 ln
418 4213 464 4263 hoc
475 4232 543 4282 versu
556 4215 665 4286 explellls

104 4301 196 4337 sensus.
230 4290 336 4340 Grotius.

136 4371 195 4419 757.
211 4371 243 4420 u:
253 4369 369 4438 rapiunt]
381 4369 604 4480 Qunlqugpitfll
613 4377 668 4429 haec

720 4241 1031 4295 -vrperesmtmptrsm
1039 4240 1137 4280 mimam.

730 4355 787 4401 780.
812 4373 878 4392 ...-
895 4345 946 4397 Aut
962 4359 1018 4394 cum
1041 4344 1133 4394 desisset
1156 4331 1254 4400 Agave]

669 4453 694 4504 U
710 4467 728 4501 u
