2900 4902
360 291 720 434 rnansunnn
758 347 973 478 murus.
1156 357 1226 429 ror

205 573 292 640 Ense
305 584 386 638 suost
408 593 486 636 mox
499 582 537 636 ut
549 569 680 634 stimulis
694 567 864 656 majoribus
877 569 991 634 ardens

8 729 9 767 p
127 681 183 744 175
204 678 305 764 Rupit
319 698 408 742 amor
420 677 518 764 leges,
533 675 628 740 audet
641 673 861 740 transcendere
875 674 991 739 vallum

206 781 311 861 Miles,
325 783 360 846 in
373 781 538 866 amplexus
552 778 663 844 effusas
677 777 806 844 tendere
819 777 948 864 palmas.

207 887 353 971 Hospitis
369 885 419 950 ille
433 885 495 950 ciet
507 905 640 962 nomem
667 895 758 948 vocat
773 883 826 949 ille
839 884 1060 970 propinquum:

206 991 370 1057 Admonet
383 989 469 1054 hunc
484 989 594 1054 studiis
608 1011 736 1054 consors
749 988 920 1074 puerilibus
934 1001 1022 1052 aetas:

207 1093 276 1158 Nec
293 1095 457 1160 Romanus
470 1109 547 1172 crat,
564 1093 617 1179 qui
632 1113 699 1156 non
713 1103 884 1180 agnoverat
898 1092 1030 1156 hostem.

131 1203 188 1261 180
210 1197 311 1262 Arma
324 1197 430 1286 rigant
444 1197 600 1284 lacrymis,
616 1195 803 1285 singultibus
817 1195 923 1262 oscula
936 1181 1099 1283 rirmpunt.

209 1301 253 1368 Et
267 1303 408 1388 quamvis
422 1302 511 1368 nullo
524 1301 698 1368 maculatus
712 1300 865 1388 seoguine
878 1301 977 1380 miles,

209 1413 293 1490 Qua
308 1413 411 1498 potuit
434 1413 550 1491 fecisse,
566 1415 665 1478 timet.
711 1411 798 1486 Quid
814 1429 943 1497 pectora
956 1411 1081 1498 pulsas?

212 1517 311 1594 Quid,
326 1539 448 1595 vesane,
466 1515 584 1604 gemis?
604 1517 696 1580 fletus
709 1515 786 1602 quid
801 1515 905 1581 fundis
920 1516 1061 1583 inaneis?

211 1621 281 1686 Nec
295 1634 327 1686 te
341 1633 453 1707 sponte
467 1634 523 1686 tua
536 1620 644 1686 sceleri
657 1643 769 1707 parere
782 1619 905 1686 fateris?

134 1731 189 1790 185
212 1725 322 1812 Usque
336 1724 457 1790 adeone
468 1727 676 1813 timessquem
692 1737 727 1791 tu
740 1725 815 1792 facis
829 1725 895 1812 ipse
909 1727 1104 1794 timendum?
1184 1729 1186 1734 ’

212 1837 349 1904 Classica
364 1836 418 1902 det
432 1837 531 1916 bell03
555 1861 653 1904 saevos
666 1850 702 1904 tu
716 1837 841 1928 neglige
855 1850 977 1904 cantus:

213 1944 312 2032 Signa
325 1941 419 2020 ferat3
443 1965 541 2008 cessa:
559 1945 704 2030 jamjam
720 1944 816 2009 civilis
832 1943 972 2032 Erinnys

213 2046 380 2124 Concidet,
395 2060 428 2112 et
444 2046 552 2112 Caesar
566 2070 717 2135 generum
733 2049 873 2133 privatus
886 2050 1015 2114 amabit.

158 2200 166 2220 i
211 2151 308 2218 Nunc
322 2149 408 2229 ades,
424 2164 544 2215 aeterno
558 2151 768 2237 complectens
782 2153 890 2217 omnia
903 2175 1001 2232 nexu,

133 2255 191 2314 190
214 2251 376 2332 Oretum,
393 2255 541 2341 mistique
553 2255 643 2333 salus,
659 2255 842 2334 concordia,
856 2255 979 2334 mundi,

211 2355 255 2422 Et
269 2381 356 2423 sacer
369 2359 454 2424 orbis
467 2381 569 2424 amor:
592 2381 744 2449 magnum
758 2381 844 2426 nuno
858 2359 961 2425 secula
975 2373 1083 2430 nostra

213 2467 348 2536 Venturi
362 2470 529 2538 discrimen
545 2472 673 2552 habeut.
688 2472 810 2560 periere
823 2471 952 2538 latebrae
968 2493 970 2498 ·

210 2579 277 2646 Tot
291 2582 454 2650 scelerum:
475 2585 594 2671 populo
608 2586 700 2651 venia
714 2596 760 2652 est
774 2597 883 2674 erepta
896 2585 1040 2651 nocenti:

214 2685 384 2774 Agnovere
397 2709 478 2754 suos.
500 2705 560 2775 pro
575 2691 704 2756 numine
718 2689 782 2756 fata
797 2692 922 2756 sinistro

135 2793 193 2856 195
217 2791 345 2881 Exigua
359 2795 466 2881 requie
480 2807 582 2861 tantus
596 2797 744 2884 augentia
758 2795 876 2862 clades!

215 2896 284 2963 Pax
299 2910 375 2975 erat,
398 2912 430 2963 et
444 2899 532 2964 miles
546 2903 653 2966 castris
667 2902 833 2987 permistus
847 2903 987 2990 utrisque

218 3000 366 3067 Errabat:
383 3002 464 3069 duro
479 3005 650 3072 concordes
665 3008 781 3094 cespite
794 3029 917 3074 mensas

215 3105 399 3186 Instituunt,
415 3122 447 3174 et
460 3111 610 3196 permisto
624 3111 780 3185 libamina
794 3111 933 3179 Bacch'o.

218 3211 384 3278 Graminei
398 3213 507 3278 luxere
520 3214 596 3280 foci:
614 3217 789 3305 junctoque
802 3218 898 3284 cubili
947 3305 949 3310 s

132 3319 197 3378 200
220 3314 369 3382 Extrahit
382 3319 542 3384 insomnes
556 3321 711 3387 bellorum
726 3322 830 3388 fabula
844 3335 964 3389 noctes:

220 3419 296 3496 Quo
309 3423 447 3508 primum
463 3427 605 3492 steterint
619 3450 745 3520 campo,
762 3449 824 3514 qua
837 3427 946 3494 lancea
960 3428 1072 3494 dextra

219 3524 351 3593 Exierit.
374 3529 460 3610 dum,
477 3555 549 3619 quae
562 3548 726 3622 gesserunt
739 3531 842 3612 fortia,
853 3526 984 3619 jactant,

144 3729 199 3776 192
220 3727 318 3776 Venturi
327 3730 454 3780 discrimen
473 3732 576 3800 labent]
610 3728 659 3784 llo·
728 3738 781 3785 196.
793 3736 847 3783 Poe
853 3741 909 3790 erm,
920 3741 943 3782 et
953 3735 1018 3782 milei
1025 3733 1108 3783 castris
1114 3731 1242 3794 pmulrtttt

112 3801 198 3863 quitur,
210 3811 238 3850 ut
248 3819 317 3866 sepe,
336 3813 451 3869 tanquam
469 3807 496 3855 in
506 3823 533 3856 re
543 3809 662 3870 presenti.
693 3811 809 3876 utrisque]
828 3809 978 3860 Couciunius
988 3809 1137 3866 alricodioer,

112 3877 239 3930 Hactenus
248 3897 303 3944 quae
313 3882 377 3932 iacta
388 3892 451 3940 suut,
463 3886 570 3938 excusari
580 3887 663 3950 aliquo
719 3926 764 3967 m
772 3929 823 3974 mr,
831 3920 1212 3972 “mmmmm

113 3955 185 4004 modo
196 3968 301 4020 pmsum,
312 3960 339 4008 in
349 3969 470 4022 posterum
478 3977 534 4010 vero
544 3978 663 4028 magnum

113 4030 227 4082 imminet
244 4037 385 4098 periculum.
395 4054 460 4096 narn,
471 4041 519 4088 uisi
530 4042 661 4092 abstinetur
729 4040 782 4086 198·
797 4061 863 4076 --·
874 4037 908 4086 Εἰ
920 4035 1032 4098 nemim
1049 4033 1161 4082 limini*
1179 4035 1245 4084 ΒΜ·

113 4107 207 4169 ibello,
225 4128 310 4164 omnes
320 4116 447 4166 manifesto
467 4119 556 4168 scelere
579 4131 661 4172 oonte-
830 4117 879 4164 cdo·

111 4191 196 4238 minari
207 4206 304 4240 necesse
322 4206 367 4242 est.
402 4196 551 4260 Pugnabunt
562 4199 587 4248 in
598 4201 661 4250 cives
801 4193 926 4242 momina·
935 4187 1105 4256 lmefivid
1139 4186 1246 4238 Mende·

108 4265 160 4328 iarn
171 4281 221 4318 nou
232 4268 333 4334 ignotos.
368 4271 474 4324 Grotius
696 4281 751 4317 sum
762 4276 797 4319 est
813 4277 837 4318 et
853 4269 962 4333 ineptum
973 4267 1034 4320 illud
1050 4270 1247 4326 PermistoBa‘c·
