2900 4902
217 307 300 378 -ιοι
542 295 602 374 ιι.
629 289 838 378 nunni
881 294 1111 402 aucant

164 597 167 600 Ι
336 506 531 597 Remigium:
546 511 611 590 sed,
627 512 713 598 quod
728 512 868 580 trabibus
883 513 1091 580 circumdedit
1100 534 1220 603 aequor,

215 647 221 652 ·
246 620 308 680 425
332 613 409 680 Ηοι
423 613 504 695 ferit,
520 629 552 682 et
564 617 653 682 taciti
667 617 789 702 proebet
803 618 956 684 miracula
969 639 1087 700 cursus,

228 763 231 776 ι
331 719 428 797 Quod
442 741 503 786 nec
515 721 688 800 vela-ferat,
703 743 762 786 nec
775 735 899 809 apertas
914 724 1056 789 verberet
1070 725 1192 790 undas.⁴
1266 706 1271 716 ¹

332 824 365 890 T
365 847 427 890 unc
441 823 522 892 freta
535 838 708 904 servantur,
724 826 802 893 dum
815 849 850 892 se
862 827 1031 894 declivibus
1045 829 1136 895 undis

335 928 450 994 AEstus
465 943 549 1020 agat,
565 930 725 1018 refluoque
739 932 820 998 mari
834 932 1134 998 nudentur-arena„

330 1033 465 1122 Jamque
479 1035 632 1102 relabenti
646 1037 826 1102 crescebant
840 1035 947 1104 littora
955 1049 1072 1123 ,ponto3

246 1143 312 1202 430
335 1137 436 1204 Missa
450 1141 525 1205 ratis
538 1163 641 1226 prono
655 1141 793 1218 defertur
809 1142 896 1228 lapm
909 1141 1078 1228 profundo,
1136 1167 1140 1178 ·

331 1243 375 1310 Et
387 1244 524 1333 gemiuae
538 1245 821 1312 cornites..cunctas
835 1268 928 1332 super
942 1245 1161 1330 arduaturris.

333 1346 474 1430 Eminet,
490 1361 521 1416 et
535 1351 674 1416 tremulis
688 1350 828 1418 tabulata¹
840 1350 992 1430 minantia
1005 1351 1125 1435 pinnis,

328 1453 441 1521 Noluit
455 1455 590 1545 Illyricae
604 1463 708 1522 custos
724 1456 873 1531 Octavius
883 1455 999 1520 undae

331 1561 507 1630 Confestim
520 1575 642 1630 tentare
656 1574 766 1639 ratam,
781 1561 959 1676 celeresque
971 1562 1108 1626 carinas

243 1671 306 1730 435
330 1666 506 1745 Conticuit,
521 1691 614 1734 cursu
628 1680 747 1734 crescat
760 1667 836 1742 dum
849 1637 960 1752 pracda
974 1667 1126 1740 secundo:

330 1775 374 1840 Iit
384 1787 502 1842 temere
516 1777 671 1863 ingressos
686 1775 913 1870 repetendum'
904 1777 1017 1840 invitat
1028 1776 1077 1843 ad
1075 1795 1190 1862 aequor

331 1878 415 1945 Pace
429 1879 535 1944 maris.
582 1879 635 1949 Sic
649 1877 729 1958 dum¹
740 1879 870 1966 pauidos
885 1877 1175 1946 formidinecervcs
1205 1905 1208 1910 ·

329 1985 467 2052 Claudat
487 1984 629 2052 odoratae
642 1990 906 2064 momentosaiira
916 2008 1044 2072 periura:¹

315 2075 316 2083 ἵ
328 2091 397 2156 Aut
406 2092 487 2158 dum
502 2090 658 2176 dispositis
672 2091 886 2168 attollat-retia
899 2093 980 2160 varis
1013 2131 1030 2148 υ
1061 2111 1070 2122 ·

240 2203 304 2261 440
326 2197 480 2275 Venator,
497 2208 583 2270 tenet
597 2218 654 2262 ora
668 2196 895 2270 levisclamusa
914 2197 1064 2276 Molossi·;

330 2303 512 2389 Spartanos,
531 2291 702 2388 Cretasque
716 2302 805 2390 ligat:
821 2325 881 2368 nec
895 2303 1032 2388 creditur¹
1044 2303 1100 2368 ulli

330 2410 426 2498 Sylva
440 2411 521 2487 cani,
536 2409 597 2474 nisi
612 2409 666 2496 qui
680 2430 787 2494 presso
802 2409 931 2495 vestigia
945 2423 1047 2474 rostro

333 2513 477 2602 Colligit,
493 2523 525 2578 at
538 2511 647 2598 praeda
662 2511 762 2576 nescit
772 2511 886 2576 latrare
900 2524 1036 2597 reperta,

331 2617 508 2682 Contentus
522 2615 656 2686 tremulo
671 2627 858 2682 monstrasse
872 2615 985 2681 cubilia
1000 2615 1077 2681 loro.
1132 2695 1135 2698 ,

231 2730 306 2808 445
329 2722 400 2789 Νιι
413 2745 511 2788 mora.
527 2721 725 2808 complentur
739 2721 850 2800 moles,
865 2720 1132 2808 avidaquepetitis

325 2827 433 2894 Insula
447 2826 600 2894 deseritur
614 2827 746 2892 ratibus:
770 2849 834 2912 quo
848 2839 990 2910 tempore
1001 2826 1120 2918 primas

330 2931 462 3017 Impulit
475 2931 516 2996 ad
529 2941 660 2998 noctem,
665 2932 732 3016 jam
745 2931 804 2996 lux
818 2942 958 2996 extrema
972 2930 1124 3020 tenebras.

329 3036 377 3101 At
389 3034 600 3121 Pompeianus
614 3033 738 3100 fraudes
753 3035 911 3099 innectere
924 3045 1031 3120 ponto
1078 3095 1079 3102 ,
1109 3069 1111 3076 v

329 3142 472 3228 Antiqua
485 3151 577 3226 parat
590 3150 657 3204 arte
673 3139 768 3218 Cilix,
783 3161 953 3226 passusque
967 3161 1077 3208 vacare
1093 3200 1108 3214 ,,

242 3251 307 3310 450
331 3247 462 3312 Summa
475 3245 556 3322 freti,
573 3243 677 3310 medio
692 3242 853 3330 suspendit
866 3242 991 3310 vincula
1001 3253 1131 3336 ponto,

218 3465 325 3527 undiquc
340 3463 442 3530 cappa]
463 3464 553 3514 Confer
562 3479 618 3514 cum
626 3463 769 3514 hoclocou
801 3478 851 3513 non
862 3465 968 3515 Eminet
1000 3461 1048 3516 Sed
1059 3460 1136 3513 multa
1147 3461 1339 3546 mutatadonan·

217 3541 289 3590 milei
300 3542 434 3592 Herodiani
444 3549 469 3590 ct
480 3541 539 3604 Capi
541 3541 626 3590 tolini'
619 3557 645 3588 ιιι
655 3540 769 3590 Maximi·
801 3539 849 3588 da'
841 3555 868 3587 m
878 3555 949 3602 opere
960 3547 1077 3602 postumo

216 3639 256 3674 no.
276 3620 383 3669 Grotius.
753 3631 756 3638 ’
834 3623 890 3668 446.
916 3643 968 3657 -
984 3618 1245 3680 Qcotemporcprimar
1301 3635 1307 3644 ·

250 3706 306 3750 451.
322 3723 388 3738 --
399 3701 502 3748 Cunctas
516 3711 587 3758 saper
601 3697 677 3746 ardua
695 3698 769 3745 turris
895 3698 997 3758 Imputat
1004 3697 1037 3744 ad
1045 3694 1339 3758 „campanensem

318 3778 423 3832 Ειιιίιιιι,
441 3785 463 3824 ιι
479 3777 583 3822 tremulis
602 3775 708 3822 ιαὸιιὶιιι
725 3777 767 3822 mi·
800 3774 920 3840 imbrus]
932 3774 1029 3822 Durum
1046 3773 1093 3821 hoc
1108 3783 1133 3822 et
1155 3771 1226 3836 plane
1240 3773 1339 3826 rmum

217 3859 301 3910 acatia
309 3854 411 3920 plania]
430 3857 611 3915 eaaaauaper
630 3853 771 3914 taurana„
805 3855 860 3902 Luc
876 3853 975 3914 impellit
995 3851 1099 3899 ιιιιιὸιαι
1115 3853 1146 3900 cd
1167 3860 1269 3908 mamm,-
1286 3857 1341 3898 carta

217 3953 289 3999 super
300 3943 404 3991 cunctas,-
414 3935 545 3984 siceomncr
561 3940 676 3980 trescasas
684 3935 769 3981 caninat
801 3932 897 3980 Detinet
904 3927 1179 3992 pcdcaqua'mlapattr't.
1199 3924 1340 3978 Codieecalii

217 4016 292 4064 tarrir
306 4023 329 4062 at
344 4014 456 4068 tutatuta,
486 4012 521 4060 At
542 4009 693 4058 ιιιιιίιιίιιιιιι
714 4009 769 4058 Νἱι.
800 4009 907 4069 Impulit,
931 4005 974 4054 alii
1000 4009 1107 4068 Impera,
1130 4003 1228 4068 qnidam
1249 4005 1340 4066 rapat

218 4088 504 4143 Heinsiusadsiliurn'
496 4103 528 4136 rr.
540 4092 597 4138 641.
612 4086 738 4142 Jaactoest
730 4102 767 4134 m·
802 4085 954 4142 Μίιοιιιιο.
975 4083 1091 4133 curillud
1111 4083 1211 4132 Grotius
1221 4083 1339 4144 pnrnusra

218 4169 366 4237 quittae
298 4171 366 4217 ααὸιὶ
368 4177 393 4216 ta
412 4171 500 4216 turris:
524 4183 557 4216 ιιι
568 4169 624 4228 lego
633 4167 767 4215 conctac-
800 4173 892 4213 textum
901 4162 1026 4226 receperit,
1037 4169 1172 4211 nectarueo
1181 4159 1339 4210 salvabas!-

214 4259 267 4300 tor:
286 4245 473 4308 Nonintclligor
485 4245 768 4293 naminhacverbornm
800 4240 928 4304 plicaverit.
946 4239 1067 4302 Inprima
1085 4239 1200 4288 Edidonc
1218 4240 1263 4287 hoc
1272 4234 1338 4300 ponii

188 4329 193 4340 '
216 4323 398 4380 maturatione,
422 4321 552 4372 rimandum
572 4314 624 4372 erat
645 4323 768 4396 Emiserat,
799 4320 1052 4382 Impatitmmcrea:
1064 4319 1235 4382 richgendarr,
1246 4315 1340 4366 mla·
