2924 4986
192 331 265 400 sss
370 391 376 404 ,
470 315 526 394 Μ.
561 317 765 396 ANNAEI
800 317 1027 398 LUCANI

300 521 404 591 Hunc
417 543 528 589 omues
542 523 651 614 gladii,
673 549 753 613 quos
765 537 821 594 aut
833 523 997 594 Pharsslia
1011 525 1102 609 vidit,

304 631 374 697 Aut
387 629 487 696 ultfix
499 630 606 696 visura
619 630 696 711 dies,
720 633 894 722 stringente
910 633 1040 712 Senatu,

303 734 365 801 Illa
379 745 473 800 nocte
486 747 654 820 premunt:
677 736 764 802 huuc
778 735 879 802 infera
892 749 1035 804 monstra
1050 737 1222 828 flagellent.

305 839 351 907 Et
365 852 520 930 quantum
534 862 640 926 poenae
653 842 769 908 misero
784 863 872 908 mens
886 842 1014 909 conseia
1027 843 1137 924 donst,

217 947 280 1011 78⁵
305 945 405 1024 Quod
421 947 530 1035 styga,
546 946 633 1032 quod
648 967 767 1026 manes,
790 946 963 1034 infestoque
979 947 1116 1016 Tartara
1130 949 1257 1016 somnis

307 1057 464 1144 Pompeio
477 1058 603 1124 vivente
616 1056 716 1124 videt!
743 1057 868 1132 Tamen
882 1060 992 1125 omnis
1004 1081 1108 1146 passo,

306 1169 481 1256 Postquam
496 1169 582 1234 clare
595 1169 662 1234 dies
678 1169 860 1235 Pharsalica
875 1169 994 1236 damna
1007 1172 1132 1251 retexit,

309 1278 407 1345 Nulla
420 1279 481 1344 loci
495 1278 590 1344 facies
600 1289 727 1344 revocat
741 1277 888 1344 feralibus
902 1279 985 1343 arvis

311 1383 484 1451 Haerentes
498 1384 627 1450 οιίιΙοε.7
647 1385 749 1450 ceruit
761 1383 913 1471 propulsu
926 1405 1041 1451 cruore

222 1493 286 1556 790
310 1489 471 1570 Flumina,
487 1502 519 1556 et
534 1490 672 1556 excelsos
687 1490 821 1556 cumulis
836 1489 995 1577 sequentia
1005 1489 1102 1556 colles

311 1595 469 1682 Corpora,
485 1596 622 1662 sidentes
634 1596 669 1662 in
683 1595 791 1662 tabem
806 1606 926 1681 spectet
940 1617 1079 1677 acervos,

311 1700 357 1767 Et
371 1701 487 1790 Magni
502 1714 649 1766 numerat
662 1699 817 1786 populos:
841 1699 1004 1787 epulisme
1016 1712 1149 1787 peretur

313 1805 374 1871 Ille
388 1806 486 1884 locus,
509 1806 614 1871 vultus
629 1827 669 1870 ex
678 1796 759 1892 ‘quo‚
784 1805 939 1893 faciesque
948 1807 1111 1892 jacentum

314 1910 487 2000 Agnoscat.
511 1910 603 1996 juvat
619 1908 801 1974 Emathiam
815 1932 882 1975 non
898 1931 1026 1975 cernere
1041 1922 1173 1990 terram,

225 2023 290 2089 795
313 2021 358 2088 Et
372 2019 506 2086 lustrare
520 2021 618 2086 oculis
633 2043 762 2107 campos
776 2020 835 2086 sub
848 2021 938 2087 clade
951 2021 1101 2088 latenteis.
1204 2043 1210 2056 ·

313 2126 502 2206 Fortunam,
527 2128 729 2214 superosque
743 2149 816 2192 suos
830 2127 865 2190 in
879 2127 1033 2217 sanguine
1047 2128 1159 2194 cernit.

314 2231 366 2298 Ac
380 2254 422 2296 ne
436 2231 510 2297 laeta
522 2230 630 2297 furens
645 2231 796 2298 scelerum
808 2231 986 2319 spectacula
1000 2231 1126 2318 perdat,

309 2339 443 2405 ¹Invidet
457 2338 532 2427 igne
546 2339 618 2428 rogi
632 2339 766 2418 miseris,
790 2338 934 2425 coeloque
948 2338 1075 2403 nocenti
1130 2381 1134 2397 r

316 2445 438 2534 Ingerit
454 2443 647 2510 Emathiam.
677 2466 745 2508 non
759 2443 847 2510 illum
863 2443 982 2509 Poenus
996 2443 1146 2510 humator

229 2559 293 2619 800
316 2551 475 2630 Consulis,
498 2563 531 2616 et
546 2550 667 2638 Libyca
678 2571 839 2616 succensae
851 2548 999 2637 lampade
1016 2550 1139 2615 Cunnae

320 2657 533 2744 compellunt,
557 2654 724 2722 hominnm
738 2656 818 2722 ritus
833 2665 869 2721 nt
883 2665 984 2720 servet
997 2655 1031 2719 in
1047 2654 1166 2720 hostes:

323 2771 388 2838 Sed
402 2770 547 2836 meminit
563 2769 707 2836 nondum
722 2770 833 2836 satiata
846 2768 987 2834 caedibus
1000 2768 1059 2846 ira,

293 2878 300 2948 l
319 2877 413 2943 Cives
427 2899 493 2941 esse
508 2898 589 2941 suos.
619 2875 755 2961 petimus
770 2896 837 2940 non
852 2874 976 2963 singula
990 2873 1093 2953 busta,

199 2990 203 2998 '
317 2979 544 3067 Discretosque
558 3000 674 3067 rogos:
693 3001 794 3046 unum
808 2978 851 3045 da
866 2979 1015 3068 gentibus
1029 2979 1156 3067 iguem:

239 3086 302 3148 805
321 3083 398 3149 Non
413 3081 607 3168 interpositis
622 3094 756 3150 urantur
767 3105 901 3171 corpora
914 3083 1059 3148 flammis.

323 3189 391 3255 Ant
405 3190 514 3278 generi
526 3189 551 3253 si
566 3210 662 3275 poena
671 3189 773 3275 juvat,
796 3211 908 3256 nemus
923 3201 1035 3256 extrue
1051 3186 1163 3253 Pindi:

325 3293 424 3384 Erige
439 3307 603 3384 congestas
620 3294 733 3360 OEtaeo
747 3295 863 3362 robore
874 3294 986 3384 sylves,

324 3398 540 3466 Thessalicam
554 3401 661 3467 videat
676 3401 847 3488 Pompeius
862 3400 902 3467 ab
917 3422 1046 3488 aequore
1059 3400 1234 3466 flammam.

320 3504 377 3570 Nil
391 3507 458 3595 agis
471 3505 532 3572 hac
547 3507 606 3570 ire:
630 3505 760 3571 tabesne
773 3505 927 3572 cadevera
937 3505 1048 3584 solvat,

237 3614 300 3675 810
323 3611 378 3675 An
392 3607 504 3700 rogus,
527 3610 614 3682 haud
629 3610 737 3676 refert:
759 3611 885 3699 placido
901 3611 1026 3676 Nature
1040 3621 1180 3695 receptat

329 3715 454 3782 Cuncta
469 3716 550 3795 sinu,
574 3715 733 3803 finemque
748 3718 796 3786 sui
810 3717 870 3784 sibi
885 3738 1021 3804 corpora
1033 3715 1160 3782 debent.

216 3931 257 3980 Itu
272 3931 437 3996 rescripsimus
449 3950 492 3997 pro
503 3937 616 3986 descisset.
649 3936 707 3986 Nou
717 3953 771 3987 ma·
827 3934 1168 3985 Vlclletsslwmitumhchm
1176 3932 1263 3986 0¹9⁸*st
1276 3933 1358 3982 Am

215 4009 254 4072 gis
269 4011 374 4060 exterriti
385 4024 459 4070 erent,
472 4023 515 4063 aut
527 4014 652 4065 Pentheus
667 4031 724 4064 cum
733 4017 769 4066 A·
803 4032 911 4083 ΝΜ,
1297 4025 1301 4032 ·

215 4100 276 4150 gare
286 4087 383 4146 fureret,
401 4101 444 4139 aut
454 4092 506 4153 ipae
522 4093 607 4158 Agave
624 4108 680 4142 cum
691 4093 772 4144 furere
826 4134 1140 4185 mmmmmwm
1153 4129 1346 4180 mmm

215 4163 324 4214 desiisset
333 4177 358 4216 et
368 4169 445 4218 scelus
451 4185 524 4220 suum
532 4181 679 4236 agnosceret.
711 4173 772 4222 Pro·
825 4198 874 4238 ,ιω
881 4199 1132 4248 mmmmm
1145 4195 1364 4244 adopemmurn

214 4243 257 4293 bet
267 4243 329 4292 hsnc
340 4255 448 4296 nostram
464 4249 658 4300 emendationem
670 4251 727 4302 MS.
743 4252 773 4301 P.
827 4259 945 4308 insequar
951 4261 1041 4310 elm-

212 4319 307 4412 Prnhat
317 4331 341 4372 at
357 4335 453 4374 seeutm
468 4335 497 4375 ut
507 4343 570 4389 sepe
580 4328 674 4380 Luceni
685 4331 774 4396 inim
806 4349 889 4409 Qum
898 4358 924 4399 ες
940 4349 1005 4414 quod
1016 4347 1140 4412 precessit,
1152 4346 1319 4412 canescunt,
1330 4351 1367 4394 est

215 4397 348 4462 Psprmuss
727 4484 729 4493 Ι
807 4429 939 4493 efftgwype
959 4437 984 4476 et
1000 4443 1030 4476 ex
1052 4424 1177 4492 puteriori
1197 4423 1364 4489 sumundum

240 4515 440 4550 -ι--αω
451 4507 601 4552 mmmmm
806 4509 893 4573 Agone-
920 4505 1029 4563 Grotius.

616 4605 619 4614 .
781 4577 797 4621 2
