2924 4986
161 345 236 412 340
336 333 395 409 M.
431 332 640 412 ANNAEI
674 332 912 424 LUCANI,
956 337 1026 414 &e

272 547 415 628 Viscera,
430 568 490 614 neo
504 548 692 616 toteswide
706 547 835 614 sorbere
843 547 1013 616 medulla-ez

271 655 455 744 Degustant
464 667 560 722 artus.
606 655 712 722 Letiae
725 677 798 742 part
813 657 954 722 maximo
968 653 1073 723 turboe

186 767 251 826 845
274 759 429 827 Fastidita
438 762 539 848 jaeet3
555 785 653 850 quam
667 762 725 839 sol,
740 761 912 848 nimbiqw,
929 760 1059 849 diesque

274 867 431 957 Longior,
448 867 605 934 Emathiis
620 866 790 936 resolutum
804 867 932 943 miscuit
947 868 1040 942 srvis.
1057 937 1060 944 ,

320 972 502 1040 Thessalica
516 972 627 1040 infelix
641 995 705 1059 quo
719 984 810 1051 tento
824 972 958 1056 crimine
969 971 1062 1042 tellus

275 1078 403 1146 Lesisti
414 1081 562 1165 Superos,
579 1094 615 1146 ut
629 1090 661 1144 te
676 1089 725 1144 tot
738 1077 895 1142 mortibus
908 1099 1030 1162 unam,.

276 1183 345 1249 Tot
358 1184 512 1250 scelerum
525 1183 596 1250 fetis
610 1181 811 1270 premerent?
828 1182 917 1270 quod
931 1181 1046 1249 suffieit
1060 1205 1178 1264 aevum,

188 1291 253 1352 850
276 1287 451 1356 Immemor
465 1301 501 1354 ut
514 1288 612 1354 donet
628 1288 701 1354 belli
714 1289 773 1354 tibi
786 1287 906 1354 dumne
918 1286 1076 1354 vetustos?

277 1391 363 1470 Quae
377 1415 465 1482 seges
478 1392 594 1460 infecte
608 1406 716 1484 surget
730 1416 796 1460 non
810 1393 941 1458 deoolor
955 1390 1081 1459 herba?
1101 1377 1104 1382 ¹

277 1498 355 1576 Quo
368 1521 435 1566 non
453 1500 617 1566 Romanos
630 1499 761 1574 violabis
774 1519 903 1566 vomere
917 1495 1049 1567 manes?

277 1603 365 1672 Ante
379 1628 472 1674 uovae
482 1607 610 1672 venient
625 1606 718 1684 acies,
741 1604 912 1691 scelerique
928 1602 1067 1670 secundo
1077 1629 1092 1668 ’.

278 1709 449 1776 Praestebis
459 1711 606 1779 nondum
618 1713 718 1785 sieoos
732 1711 795 1794 hoo
808 1711 962 1801 sanguine
977 1733 1114 1798 campos.

191 1820 254 1880 855
278 1815 399 1880 Omnia
413 1818 572 1902 majorum
586 1827 745 1882 vertemus
760 1815 856 1882 busta
868 1815 984 1897 licebit,

272 1919 318 1986 Et
331 1931 448 1988 stantes
463 1921 611 2016 tumulos,
634 1933 667 1988 et
680 1923 736 2008 qui
751 1922 860 1988 redioe
873 1931 995 1988 vetuste
1116 1997 1118 2004 ¹

277 2024 430 2092 Effudere
444 2049 525 2106 sues,
548 2028 639 2104 vietis
652 2028 871 2118 compagibus,
896 2049 1003 2094 urnas:
1090 2057 1092 2064 ·

278 2130 356 2196 Plus
370 2132 512 2198 cinerum
529 2133 716 2209 Haemoniae
730 2133 824 2207 sulcis
836 2119 958 2214 telluris
971 2141 1091 2212 arabit,

277 2235 439 2322 Pluraque
452 2236 597 2314 rrrrioolis
610 2237 767 2306 feriuntur
781 2237 929 2312 dentibus
944 2259 1030 2304 osso..
1085 2242 1108 2324 ᾗ

192 2346 256 2407 860
280 2340 395 2407 Nullus
410 2341 451 2406 ab
467 2340 619 2424 Emathio
633 2341 794 2430 religasset
808 2339 915 2420 littore
927 2339 1035 2406 fune·
1076 2378 1078 2384 s

279 2445 406 2524 Navita,
422 2465 482 2516 neo
496 2458 615 2512 terrem
629 2447 798 2532 quisquam
812 2445 961 2526 movisset
975 2454 1091 2524 arator,

281 2551 421 2618 Romani
435 2550 563 2626 bustum
578 2550 702 2636 populi:
724 2550 933 2638 fugerentque
947 2548 1059 2614 coloni·

281 2656 480 2724 Umbrarum
494 2679 634 2744 campos,
648 2657 800 2746 gregibus
809 2657 940 2724 dumeta
955 2669 1110 2738 sererent:

280 2760 455 2850 Nullusque
470 2763 601 2830 auderet
614 2763 723 2850 pecori
737 2762 920 2848 permittere
934 2773 1043 2848 pastor
1125 2795 1128 2800 ·

192 2873 256 2930 865
280 2867 405 2933 Vellere
420 2881 601 2957 surgentem
616 2869 658 2938 de
671 2869 787 2936 nostris
801 2867 922 2934 ossibus
937 2867 1091 2956 herbamg
1170 2953 1173 2961 .

278 2971 340 3048 Ac,
357 2972 440 3036 velut
455 2974 621 3057 impatiens
636 2974 813 3052 hominum,
830 2973 878 3038 vel
894 2972 966 3039 solis
980 2973 1085 3060 iniqui

278 3074 410 3153 Limite,
426 3075 476 3142 vel
486 3077 591 3166 glacie
605 3079 703 3159 nude,
726 3091 821 3167 atque
835 3078 1094 3166 ignotejeoeres,
1123 3133 1125 3139 ,

280 3180 315 3252 Si
330 3202 396 3244 non
411 3181 615 3267 primamne
630 3184 715 3264 belli,
739 3183 1020 3264 sed-solotulisses.

277 3291 311 3357 Ο
327 3293 452 3379 Superi,
474 3293 567 3362 licem
580 3308 680 3364 terres
693 3297 798 3362 odisse
811 3295 983 3364 noeenteis.

192 3396 258 3460 870
281 3396 372 3475 Quid
386 3410 491 3472 totum
503 3403 656 3488 premitis,
679 3401 758 3490 quid
773 3413 876 3479 totum
892 3400 1051 3467 absolvitis
1065 3398 1199 3474 orbem?

281 3501 579 3590 Hesperioe·elsdes‚
603 3517 635 3572 et
648 3506 766 3576 flebilis·
775 3506 863 3584 uude
878 3505 1034 3594 Pachyni,

280 3609 325 3675 Et
340 3610 481 3691 Mutine,
500 3623 535 3679 et
550 3609 673 3680 leucos
690 3635 788 3701 puros
802 3611 904 3680 fecere
919 3611 1093 3699 Philippos.
1107 3653 1112 3688 5

170 3789 276 3857 umam]
294 3791 427 3850 Meeoeuus,
439 3791 520 3841 mollis
535 3791 583 3852 ille,
595 3794 652 3843 setis
661 3794 729 3844 sorti·
795 3757 851 3845 d56.
868 3797 904 3844 Et
926 3781 1013 3845 stanter
1034 3757 1159 3858 romulei]
1174 3789 1241 3840 Tem
1258 3792 1335 3844 inte-

170 3875 207 3917 ter
221 3867 323 3917 &eretz
623 3890 628 3902 ·
760 3889 816 3937 gros
826 3873 905 3923 adbuc
921 3871 1035 3931 tumulos,
1053 3887 1127 3939 quem
1138 3879 1262 3922 vetustate
1272 3873 1332 3923 eol·

195 3955 241 3996 Nee
248 3957 422 4002 tumulumoumr
435 3957 683 4011 mmmmm·
759 3951 847 4015 lupum·
881 3951 989 4002 Graius

169 4031 277 4086 Grotius.
