2984 5022
405 229 770 333 rnlnsnnnn
805 253 916 330 mn.
955 252 1028 328 rx.
1211 263 1284 332 407

165 482 227 542 705
252 473 373 560 Sponte
387 493 453 550 sua,
477 470 617 558 Niloque
631 480 724 542 tenus
739 465 868 536 metitur
882 487 1002 532 arenas.

253 577 317 645 Sed
331 577 401 664 quis
415 577 476 644 erit
490 575 581 640 nobis
596 574 675 640 lucri
689 569 819 660 pudor?
839 570 915 636 inde
929 581 1081 657 petuntur

255 681 335 746 Huc
350 680 482 767 Libycae
497 691 624 758 mortes,
647 690 680 744 et
693 678 823 744 fecimus
834 675 943 762 aspida
957 698 1105 742 mercem.

258 789 305 852 At
318 808 383 850 non
399 796 481 850 stare
496 807 589 850 suum
603 785 725 850 miseris
738 805 867 869 passura
881 804 1037 859 cruorem,

257 889 470 978 Squamiferos
484 891 597 978 ingens
612 887 837 956 Haemorrhois
851 886 990 972 explicat
1005 886 1114 952 orbes:

167 1002 229 1064 710
251 997 353 1062 Natus
369 1008 401 1060 et
416 995 575 1084 ambiguae
589 993 707 1060 coleret
720 994 775 1080 qui
792 993 936 1080 Syrtidos
950 1015 1027 1058 arva

256 1101 464 1187 Chersydros,
481 1101 635 1187 tractique
650 1099 699 1164 via
713 1098 855 1164 fumante
870 1097 1042 1184 Chelydri:

256 1207 299 1272 Et
314 1229 437 1293 semper
452 1218 538 1282 racto
552 1205 694 1292 lapsurus
709 1200 806 1274 limite
823 1203 995 1270 Cenchris:

259 1313 408 1378 Pluribus
424 1312 476 1376 ille
490 1313 574 1376 notis
588 1310 741 1376 variatam
756 1311 897 1398 pingitur
912 1297 1018 1375 alium

254 1417 361 1494 Quam
376 1411 481 1502 parvis
497 1417 613 1482 tinctus
627 1415 758 1482 maculis
774 1413 948 1482 Thebanus
963 1411 1117 1500 Ophites:

166 1523 229 1588 715
254 1521 414 1588 Concolor
429 1522 556 1600 exustis,
580 1534 674 1609 atqua
689 1515 993 1588 indiscretus'arenis

254 1630 466 1718 Ammodyes:
492 1631 644 1718 spinaque
659 1632 734 1720 vagi
749 1642 915 1718 torquente
931 1632 1089 1697 Cerastae:

255 1736 299 1802 Et
312 1736 437 1824 Scytala
452 1738 566 1824 sparsis
581 1738 777 1805 etiamnunc
791 1736 858 1802 sola
871 1736 995 1822 pruinis

257 1841 398 1908 Exuvias
413 1842 554 1928 positura
569 1867 659 1908 suas:
684 1855 716 1908 et
729 1841 851 1909 torrida
865 1842 1003 1929 Dipsas:
1107 1853 1112 1870 ‘

255 1945 299 2013 Et
313 1948 417 2036 gravis
432 1949 466 2011 in
479 1949 642 2036 geminum
653 1971 784 2036 surgens
798 1959 894 2032 caput
909 1944 1159 2032 Amphisbaena:

166 2053 234 2115 720
259 2050 303 2116 Et
318 2052 434 2116 Natrix
446 2051 579 2116 violator
593 2073 694 2137 aquae,
707 2051 873 2137 Jaculique
887 2049 1043 2128 volucres,

255 2155 299 2220 Et
313 2167 478 2223 contentus
493 2156 553 2221 iter
567 2155 670 2220 cauda
684 2154 805 2220 sulcare
821 2156 938 2220 Parcas
952 2179 960 2220 ι

256 2260 386 2347 Oraque
401 2259 581 2326 distendens
591 2258 701 2325 avidus
716 2260 895 2345 spumantia
910 2260 1054 2324 Prester:

254 2365 397 2452 Ossaque
412 2366 582 2433 dissolvens
596 2387 669 2438 cum
685 2387 819 2452 corpore
833 2363 977 2430 tabificus
988 2366 1076 2450 Seps.

253 2470 411 2557 Sibilaque
425 2470 590 2538 effundens
605 2483 734 2539 cunctas
750 2471 900 2536 terrentia
910 2481 1025 2556 pestes,
1046 2454 1047 2468 ¹

169 2577 231 2640 725
255 2575 341 2641 Ante
356 2599 479 2666 venena
493 2600 621 2658 nocens,
636 2577 699 2642 late
713 2576 773 2642 sibi
788 2576 952 2642 submovet
967 2597 1063 2640 omne

256 2679 394 2768 Vulgus,
408 2682 490 2764 etin
505 2704 604 2746 vacua
618 2694 731 2770 regnat
748 2681 914 2746 Basiliscus
930 2704 1035 2746 arena.

254 2784 322 2848 Vos
337 2807 473 2872 quoque,
490 2786 545 2874 qui
564 2786 686 2851 cunctis
700 2786 832 2855 innoxia
847 2787 979 2852 numina
993 2785 1084 2852 terris
1110 2823 1114 2826 -

257 2889 398 2974 Serpitis,
411 2903 523 2954 aurato
537 2889 631 2955 nitidi
645 2889 769 2979 fulgore
784 2891 963 2971 Dracones,

256 2992 423 3060 Pestiferos
440 2995 553 3060 ardens
567 2996 642 3061 facit
657 2995 776 3076 Africa,
789 2995 904 3062 ducitis
920 2997 1022 3067 altum

167 3099 231 3165 730
254 3101 341 3166 A'e‘ra
357 3123 430 3166 cum
444 3101 569 3188 pennis,
585 3115 791 3190 armentaque
807 3115 876 3169 tota
890 3104 989 3170 secuti

256 3205 418 3294 Rumpitis
432 3207 577 3296 ingentes
592 3206 728 3291 amplexi
744 3209 874 3273 verbere
889 3221 1008 3276 tauros.

255 3311 325 3378 Nec
336 3325 422 3380 tutus
437 3314 600 3400 spatioest
615 3311 765 3400 Elephas:
790 3313 871 3380 datia
886 3316 994 3382 omnia
1009 3315 1094 3380 leto:

255 3414 326 3481 Nec
341 3415 430 3482 vobis
444 3440 524 3504 opus
534 3429 580 3484 est
594 3417 634 3482 ad
650 3417 748 3482 noxia
762 3416 828 3482 fata
842 3439 975 3482 veneno.

255 3521 328 3588 Has
343 3525 425 3591 inter
436 3538 541 3611 pestes
552 3526 634 3591 duro
651 3525 733 3592 Cato
745 3524 844 3590 milite
859 3526 977 3591 siccum

161 3627 224 3690 735
249 3625 408 3693 Emetitur
423 3629 502 3694 iter:
526 3640 574 3695 tot
588 3630 690 3696 tristia
706 3630 770 3696 fata
785 3653 915 3694 suorum

146 3799 222 3848 MSS.
239 3801 342 3864 ‘Harpes
364 3803 497 3865 descriptio,
519 3819 573 3868 qua
604 3804 699 3855 falcata.
764 3811 820 3855 686.
837 3831 903 3846 --·
913 3809 940 3856 Sl
955 3808 1044 3855 medias
1058 3805 1162 3868 Europa
1173 3804 1288 3854 scinderet

147 3877 256 3926 Grotius.
290 3879 401 3942 Arripuit
412 3881 463 3936 hoc,
482 3881 559 3939 credo,
578 3880 615 3930 vir
629 3898 698 3946 mag-
731 3882 826 3950 arbeae]
848 3884 888 3932 Ita
911 3885 967 3934 MS.
983 3886 1029 3932 hoc
1055 3892 1096 3942 est,
1123 3882 1289 3932 transvolaret.

147 3967 194 4004 nus
205 3969 234 4002 ex
245 3954 296 4006 solo
308 3957 451 4005 Bersmanni
462 3957 551 4018 codice,
563 3959 604 4022 qui
616 3961 700 4008 Luna·
737 3961 844 4011 Grotius.

146 4033 167 4078 a·
190 4033 267 4082 habea
293 4033 345 4082 Alii
365 4049 455 4098 magno
472 4051 574 4085 numero
592 4040 699 4088 Homeri.
765 4041 953 4092 mamardus
971 4042 1211 4090 illeaolisuuriatam
1229 4041 1288 4103 pia·

149 4108 261 4159 Ovidde
275 4112 361 4161 eadem
374 4113 467 4176 Harpe,
481 4101 512 4176 9,
519 4111 564 4172 717
734 4119 799 4180 gitur
823 4119 911 4183 alnum]
946 4118 1069 4185 περίπατον
1092 4119 1201 4184 φολίδεσσι
1228 4117 1291 4165 dixit

169 4209 642 4258 ——cmnothomanttslnarmo
737 4197 868 4248 Nicander.
895 4199 1002 4249 Grotius.

173 4261 281 4303 lmlde'
289 4267 367 4308 terrum
375 4279 439 4315 ωηο
447 4271 592 4321 oeflulffl‘lll
599 4272 667 4313 lm·
770 4269 834 4332 716.
842 4283 1013 4350 Ammonem]
1031 4284 1108 4334 MSS.
1119 4293 1184 4333 recte
1191 4283 1289 4332 Ammo·

145 4336 311 4400 m⁰¹lbld²¹¹¹2
327 4336 410 4406 Off?
737 4364 813 4426 dytes.
850 4359 957 4411 Grotius.
1292 4405 1295 4414 ‚

168 4441 557 4526 mffloethffleme
770 4444 826 4490 721.
853 4463 921 4478 -·-
950 4440 1069 4507 Pareasr]
1094 4439 1197 4490 Variant
1214 4437 1287 4496 MSS.
