2984 5022
412 263 776 376 aunnssnnu
806 287 917 364 nni.
950 285 1021 374 rx.
1223 293 1292 354 411

274 485 435 574 intactum
445 499 610 568 volucrum
620 493 741 571 rostris,
763 489 933 578 epulasque
947 485 1096 550 daturum

270 610 374 679 Haud
384 609 514 695 impune
527 603 612 682 feris,
629 621 695 666 non
709 597 777 664 ausi
791 587 916 661 tradere
930 592 1035 668 busto,

269 713 540 781 Nondumstaute
552 706 658 783 mode,
682 723 824 768 crescens
839 699 948 788 fugere
958 695 1102 760 cadaver.

188 827 251 887 805
276 819 341 886 Sed
352 817 473 903 majora
487 823 602 900 parant
617 810 748 898 Libycae
758 803 936 893 spectacula
948 812 1060 887 pestes.

271 924 435 1011 Impressit
449 923 559 986 dentes
576 915 799 983 Haemorrhois
814 934 924 998 aspera
935 907 1032 974 Tullo

220 1105 221 1112 χ
271 1024 612 1118 Magnanimojuveni,
635 1020 839 1106 miratorique
855 1015 996 1084 Catonis.

274 1135 384 1222 thue
399 1132 481 1200 solet
494 1131 614 1218 pariter
628 1126 702 1192 totis
716 1148 749 1190 se
758 1122 919 1189 effundere
933 1117 1031 1208 signis

272 1239 404 1328 Corycii
414 1257 561 1326 pressura
575 1233 677 1300 croci:
702 1230 746 1295 sic
757 1228 865 1293 omnia
879 1224 1023 1290 membra

187 1352 251 1412 810
274 1345 419 1411 Emisere
434 1341 527 1408 simul
537 1338 666 1420 rutilum
680 1357 741 1422 pro
752 1331 906 1420 sanguine
919 1329 1014 1394 uirus.

273 1451 409 1540 Sanguis
421 1460 512 1514 erant
520 1446 685 1532 lacrymae:
710 1458 907 1528 quascunque
919 1431 1076 1498 foramina
1086 1427 1175 1493 novit

274 1557 416 1632 Humor,
440 1552 480 1618 ab
493 1551 544 1616 his
554 1549 662 1642 largus
676 1555 786 1610 manat
799 1563 912 1607 cruor:
930 1561 991 1603 ora
1005 1533 1195 1610 redundant,

271 1661 316 1727 Et
329 1659 446 1746 patulae
459 1678 566 1722 nares:
588 1652 685 1718 sudor
696 1651 810 1715 rubet:
832 1645 940 1712 omnia
946 1641 1049 1730 plenis

272 1763 423 1832 Membra
436 1761 541 1826 fluunt
554 1757 660 1823 venist
684 1765 787 1820 totum
802 1756 849 1817 est
862 1772 923 1836 pro
934 1746 1064 1814 vulnere
1078 1762 1202 1828 corpus.

190 1879 253 1939 815
277 1874 324 1937 At
339 1871 407 1949 tibi,
433 1868 520 1934 Leve
534 1864 642 1942 miser,
666 1860 750 1926 fixus
760 1856 939 1947 praecordia
951 1851 1065 1939 pressit

276 1976 400 2043 Niliaca
415 1982 560 2058 serpente
576 1989 687 2033 cruor:
712 1964 863 2049 nulloque
877 1960 989 2024 dolore

278 2082 427 2147 Testatus
442 2095 564 2140 morsus
577 2071 681 2136 subita
696 2067 829 2154 caligine
844 2074 980 2128 mortem
1049 2103 1052 2118 .

278 2183 416 2268 Accipis,
438 2191 471 2244 et
487 2176 612 2266 Stygias
626 2193 738 2238 somno
753 2167 916 2235 descendis
931 2164 973 2230 ad
986 2161 1124 2228 umbras.

278 2291 356 2358 Non
371 2299 437 2354 tam
452 2282 552 2350 veloci
568 2287 777 2364 corrumpunt
790 2271 906 2361 pocula
919 2271 993 2346 leto,

191 2408 256 2468 820
279 2399 393 2486 Stipite
407 2416 480 2484 quae
494 2393 566 2457 diro
580 2391 684 2478 virgas
711 2386 844 2450 mentita
860 2380 992 2448 Sabinas

279 2505 403 2572 Toxica
415 2499 534 2590 fatilegi
547 2506 683 2584 ¹carpunt
696 2505 821 2558 matura
836 2485 950 2555 Sabaei.
1011 2531 1013 2536 .

281 2707 372 2770 cbrycii
392 2717 506 2766 pressam
529 2697 621 2762 nocie]
655 2693 728 2742 ovid.
791 2698 848 2740 820.
866 2692 952 2752 Stipite
969 2702 1022 2750 quoe
1043 2685 1095 2732 diro
1112 2683 1190 2744 uirgas
1210 2680 1309 2728 mentitu

172 2789 234 2840 Met.
250 2785 291 2834 xii.
308 2787 364 2833 457.
891 2769 986 2817 Sabinu

194 2873 709 2931 *nmmumfimbpondfflffifl
873 2849 959 2896 Tunica
974 2845 1072 2906 sutiiegi
1097 2847 1198 2902 carpum
1216 2848 1315 2887 nuatum

195 2933 729 2997 maapnmtuuperaenutorsmnaspraus
761 2926 854 2993 Sabat]
881 2922 995 2988 Scaligcri
1009 2930 1046 2970 ast
1064 2917 1209 2969 emendatio·
1248 2915 1316 2962 Ante

176 3036 266 3085 sem
282 3033 340 3082 Nat,
356 3030 448 3086 Quaest,
458 3043 481 3089 p,
497 3031 553 3074 566,
575 3025 669 3086 Sym-0
686 3021 728 3068 ,¹110
760 3004 816 3061 tuit,
828 3007 931 3061 subeam,
942 3003 1030 3063 inepte,
1041 3012 1099 3047 curn
1110 3011 1180 3044 versu
1191 2994 1265 3044 altaro
1275 3008 1314 3040 sa·

172 3130 227 3180 quo
236 3129 264 3162 aa
264 3108 434 3178 fundamentis
446 3106 616 3152 mediaearmoe
625 3113 727 3148 mmm
758 3093 847 3149 quatur
855 3097 900 3130 vox
911 3083 1000 3149 Sabaei,
1010 3077 1094 3140 Virga
1107 3073 1211 3122 Sabina.
1234 3071 1315 3118 herboe

172 3194 202 3241 in
210 3206 323 3240 mmmm
336 3184 489 3235 altitudinem
501 3179 726 3240 ampttttemtpff.
761 3161 856 3210 Sabinas
869 3157 958 3208 Ovidis
976 3171 1045 3218 saepa.
1070 3154 1161 3201 Herbae
1178 3161 1316 3212 quanquam

173 3274 243 3322 utut.
251 3277 275 3316 et
286 3266 361 3330 Epist.
373 3270 412 3316 9ο.
424 3278 447 3324 p.
457 3262 514 3309 405.
529 3251 728 3312 Quemadmodum
760 3239 906 3293 dicebantur,
912 3233 1045 3284 arbuscula
1055 3237 1132 3288 erant,
1143 3227 1231 3291 quibus
1244 3225 1313 3272 Gras-

173 3355 349 3404 iur'mmensam
364 3343 517 3394 altitudinem
529 3333 731 3389 Crocumlutentr'·
762 3335 818 3370 cum
829 3333 919 3368 nomen
936 3318 1016 3382 aptam
1028 3311 1093 3375 upud
1103 3309 1221 3358 Plinium·
1251 3307 1317 3354 Gro-

173 3424 440 3496 btstfittuiitexprimat.
761 3407 816 3454 tius
850 3399 949 3453 Vereor,
960 3405 989 3443 ut
1000 3393 1043 3442 viri
1054 3391 1154 3440 maximi
1168 3388 1274 3450 Scaliger
1287 3399 1316 3433 ac

208 3513 265 3558 81³.
280 3530 346 3546 —
364 3503 450 3552 Omnia
457 3499 535 3562 plauit
764 3480 864 3534 Grotius
871 3471 1136 3526 recteacieliciterram
1146 3467 1185 3515 hic
1194 3463 1318 3529 gesserint.

274 3582 387 3633 Membra
409 3580 497 3644 fluunt
524 3570 619 3635 uenite]
655 3565 731 3630 Atqui
763 3563 863 3614 sanast,
882 3556 923 3612 ait,
942 3556 1024 3614 inepte,
1042 3565 1095 3598 cum
1114 3563 1181 3597 uersu
1197 3547 1317 3590 alterare·

178 3670 264 3730 qrurto
285 3658 373 3708 abhinc
395 3669 465 3702 versu
486 3649 623 3704 habuimus,
646 3646 731 3694 Omnia
764 3651 852 3706 quatur
867 3637 950 3687 Suboei.
984 3629 1060 3678 Dicas
1070 3625 1153 3674 eudem
1167 3629 1319 3685 argumento,

684 3726 730 3790 ¹30,
766 3721 852 3780 Inepte
863 3715 944 3766 Sabat,
954 3723 1009 3758 cum
1018 3721 1088 3754 versu
1100 3703 1177 3765 priore
1188 3701 1321 3746 habeamus

177 3747 279 3797 cumbra
291 3742 399 3792 Emisere
408 3738 507 3786 rutilum
518 3735 589 3782 uirus
623 3727 690 3776 Com

200 3864 345 3886 .-.--
352 3844 413 3884 sudor
422 3845 493 3885 rubet:
506 3833 649 3884 omniaplenn
765 3799 865 3848 Sabutus.
890 3788 952 3848 Quis
961 3785 1021 3836 dixit
1032 3783 1120 3844 Virgas
1130 3776 1246 3827 Sabinas?
1254 3776 1321 3824 Her-

205 3907 305 3952 lthItA
313 3905 382 3946 fluunt
388 3903 479 3956 11111133
490 3889 733 3944 utumutprovtunera
765 3879 800 3926 bc
811 3880 868 3922 suut
882 3878 907 3920 at
925 3867 1046 3917 dicuntur,
1063 3875 1113 3908 non
1130 3857 1220 3919 Virga,
1238 3851 1323 3918 Plinio

766 3965 850 4019 terque
862 3957 1001 4016 quaterque,
1019 3951 1044 3990 et
1051 3939 1111 3996 aliis,
1125 3934 1212 3999 Virgil.
1229 3932 1323 3992 Culice,

797 4070 909 4116 Rutaque
919 4064 972 4104 turia
980 4071 1028 4112 opas
1034 4057 1104 4109 priscis
1111 4055 1191 4096 imitata
1196 4053 1284 4092 Sabinis.

769 4173 841 4226 Ouid·
857 4170 921 4220 rasa
931 4165 965 4213 iv.
974 4167 1029 4214 741.

797 4304 840 4346 Ure
845 4307 914 4344 marat
922 4297 984 4346 unat,
990 4295 1113 4342 musque,
1120 4291 1233 4335 herbasque
1241 4281 1331 4324 sautans.
