<?xml version="1.0" encoding="UTF-8"?>
<!DOCTYPE html PUBLIC "-//W3C//DTD XHTML 1.0 Transitional//EN"
    "http://www.w3.org/TR/xhtml1/DTD/xhtml1-transitional.dtd">
<html xmlns="http://www.w3.org/1999/xhtml" xml:lang="en" lang="en">
 <head>
  <title>
</title>
<meta http-equiv="Content-Type" content="text/html;charset=utf-8" />
  <meta name='ocr-system' content='tesseract 3.04.00' />
  <meta name='ocr-capabilities' content='ocr_page ocr_carea ocr_par ocr_line ocrx_word'/>
</head>
<body>
  <div class='ocr_page' id='page_1' title='image "./mannaeilucaniph00ginggoog_0340.png"; bbox 0 0 2924 4986; ppageno 0'>
   <div class='ocr_carea' id='block_1_1' title="bbox 377 319 1258 436">
    <p class='ocr_par' dir='ltr' id='par_1_1' title="bbox 377 319 1258 436">
     <span class='ocr_line' id='line_1_1' title="bbox 377 319 1258 436; baseline -0.019 -34"><span class='ocrx_word' id='word_1_1' title='bbox 377 320 733 402; x_wconf 84' lang='lat' dir='ltr'><strong>PHARSALIAE</strong></span> <span class='ocrx_word' id='word_1_2' title='bbox 762 319 875 398; x_wconf 87' lang='lat' dir='ltr'><strong>LIB.</strong></span> <span class='ocrx_word' id='word_1_3' title='bbox 904 319 995 396; x_wconf 89' lang='lat' dir='ltr'>VII.</span> <span class='ocrx_word' id='word_1_4' title='bbox 1182 324 1258 436; x_wconf 56' lang='grc'>025</span> 
     </span>
    </p>
   </div>
   <div class='ocr_carea' id='block_1_2' title="bbox 142 537 1177 947">
    <p class='ocr_par' dir='ltr' id='par_1_2' title="bbox 142 537 1058 738">
     <span class='ocr_line' id='line_1_2' title="bbox 142 537 922 634; baseline -0.008 -21"><span class='ocrx_word' id='word_1_5' title='bbox 142 537 153 544; x_wconf 59' lang='grc'>”</span> <span class='ocrx_word' id='word_1_6' title='bbox 239 546 394 612; x_wconf 85' lang='lat' dir='ltr'><strong>Romulus</strong></span> <span class='ocrx_word' id='word_1_7' title='bbox 408 545 516 611; x_wconf 81' lang='lat' dir='ltr'>infami</span> <span class='ocrx_word' id='word_1_8' title='bbox 531 543 698 631; x_wconf 84' lang='lat' dir='ltr'>complevit</span> <span class='ocrx_word' id='word_1_9' title='bbox 712 543 828 634; x_wconf 78' lang='lat' dir='ltr'>moenia</span> <span class='ocrx_word' id='word_1_10' title='bbox 842 543 922 621; x_wconf 84' lang='lat' dir='ltr'>lucc,</span> 
     </span>
     <span class='ocr_line' id='line_1_3' title="bbox 241 641 1058 738; baseline -0.01 -22"><span class='ocrx_word' id='word_1_11' title='bbox 241 651 349 738; x_wconf 81' lang='lat' dir='ltr'>Usque</span> <span class='ocrx_word' id='word_1_12' title='bbox 364 651 405 716; x_wconf 90' lang='lat' dir='ltr'>ad</span> <span class='ocrx_word' id='word_1_13' title='bbox 420 641 613 715; x_wconf 86' lang='lat' dir='ltr'>Thessalicas</span> <span class='ocrx_word' id='word_1_14' title='bbox 628 650 780 724; x_wconf 82' lang='lat' dir='ltr'><strong>servisses,</strong></span> <span class='ocrx_word' id='word_1_15' title='bbox 805 649 920 725; x_wconf 86' lang='lat' dir='ltr'>Roma,</span> <span class='ocrx_word' id='word_1_16' title='bbox 943 645 1058 710; x_wconf 88' lang='lat' dir='ltr'>ruinas.</span> 
     </span>
    </p>

    <p class='ocr_par' dir='ltr' id='par_1_3' title="bbox 148 739 1177 947">
     <span class='ocr_line' id='line_1_4' title="bbox 148 739 1177 840; baseline -0.007 -22"><span class='ocrx_word' id='word_1_17' title='bbox 148 761 217 818; x_wconf 81' lang='grc'>440</span> <span class='ocrx_word' id='word_1_18' title='bbox 238 755 292 820; x_wconf 89' lang='lat' dir='ltr'>De</span> <span class='ocrx_word' id='word_1_19' title='bbox 307 755 422 832; x_wconf 89' lang='lat' dir='ltr'>Brutis,</span> <span class='ocrx_word' id='word_1_20' title='bbox 444 755 598 831; x_wconf 78' lang='lat' dir='ltr'>Fortuna,</span> <span class='ocrx_word' id='word_1_21' title='bbox 622 775 746 840; x_wconf 89' lang='lat' dir='ltr'>queror.</span> <span class='ocrx_word' id='word_1_22' title='bbox 774 752 850 840; x_wconf 93' lang='lat' dir='ltr'>quid</span> <span class='ocrx_word' id='word_1_23' title='bbox 865 763 1008 836; x_wconf 86' lang='lat' dir='ltr'>tempora</span> <span class='ocrx_word' id='word_1_24' title='bbox 1021 748 1127 837; x_wconf 89' lang='lat' dir='ltr'>legum</span> <span class='ocrx_word' id='word_1_25' title='bbox 1175 739 1177 752; x_wconf 77' lang='lat'>&#39;</span> 
     </span>
     <span class='ocr_line' id='line_1_5' title="bbox 239 851 1079 947; baseline -0.007 -23"><span class='ocrx_word' id='word_1_26' title='bbox 239 859 381 947; x_wconf 61' lang='lat' dir='ltr'>ligimus,</span> <span class='ocrx_word' id='word_1_27' title='bbox 405 872 458 923; x_wconf 91' lang='lat' dir='ltr'>aut</span> <span class='ocrx_word' id='word_1_28' title='bbox 474 881 607 922; x_wconf 84' lang='lat' dir='ltr'>annosa</span> <span class='ocrx_word' id='word_1_29' title='bbox 623 857 760 922; x_wconf 88' lang='lat' dir='ltr'>Consule</span> <span class='ocrx_word' id='word_1_30' title='bbox 773 879 891 921; x_wconf 90' lang='lat' dir='ltr'>nornen</span> <span class='ocrx_word' id='word_1_31' title='bbox 905 851 1079 920; x_wconf 77' lang='lat' dir='ltr'>habentes?</span> 
     </span>
    </p>
   </div>
   <div class='ocr_carea' id='block_1_3' title="bbox 238 967 1031 1160">
    <p class='ocr_par' dir='ltr' id='par_1_4' title="bbox 238 967 1031 1160">
     <span class='ocr_line' id='line_1_6' title="bbox 239 967 964 1056; baseline -0.006 -21"><span class='ocrx_word' id='word_1_32' title='bbox 239 970 358 1035; x_wconf 87' lang='lat' dir='ltr'>Felices</span> <span class='ocrx_word' id='word_1_33' title='bbox 373 971 503 1048; x_wconf 84' lang='lat' dir='ltr'><strong>Arabes,</strong></span> <span class='ocrx_word' id='word_1_34' title='bbox 529 967 691 1056; x_wconf 88' lang='lat' dir='ltr'>Medique,</span> <span class='ocrx_word' id='word_1_35' title='bbox 716 969 847 1054; x_wconf 83' lang='lat' dir='ltr'>anque</span> <span class='ocrx_word' id='word_1_36' title='bbox 861 968 964 1045; x_wconf 84' lang='lat' dir='ltr'>tellus,</span> 
     </span>
     <span class='ocr_line' id='line_1_7' title="bbox 238 1073 1031 1160; baseline -0.001 -21"><span class='ocrx_word' id='word_1_37' title='bbox 238 1075 345 1152; x_wconf 83' lang='lat' dir='ltr'>Quam</span> <span class='ocrx_word' id='word_1_38' title='bbox 360 1076 418 1139; x_wconf 90' lang='lat' dir='ltr'>sub</span> <span class='ocrx_word' id='word_1_39' title='bbox 431 1077 589 1160; x_wconf 87' lang='lat' dir='ltr'>perpetuis</span> <span class='ocrx_word' id='word_1_40' title='bbox 602 1086 771 1138; x_wconf 89' lang='lat' dir='ltr'>tenuerunt</span> <span class='ocrx_word' id='word_1_41' title='bbox 785 1074 848 1138; x_wconf 87' lang='lat' dir='ltr'>fata</span> <span class='ocrx_word' id='word_1_42' title='bbox 863 1073 1031 1159; x_wconf 89' lang='lat' dir='ltr'>Tyrannis.</span> 
     </span>
    </p>
   </div>
   <div class='ocr_carea' id='block_1_4' title="bbox 147 1183 1170 3149">
    <p class='ocr_par' dir='ltr' id='par_1_5' title="bbox 147 1183 1170 3149">
     <span class='ocr_line' id='line_1_8' title="bbox 238 1183 1158 1274; baseline -0.009 -22"><span class='ocrx_word' id='word_1_43' title='bbox 238 1185 290 1252; x_wconf 87' lang='lat' dir='ltr'>Ex</span> <span class='ocrx_word' id='word_1_44' title='bbox 305 1187 438 1272; x_wconf 90' lang='lat' dir='ltr'>populis,</span> <span class='ocrx_word' id='word_1_45' title='bbox 462 1188 516 1273; x_wconf 88' lang='lat' dir='ltr'>qui</span> <span class='ocrx_word' id='word_1_46' title='bbox 531 1209 628 1274; x_wconf 89' lang='lat' dir='ltr'>regna</span> <span class='ocrx_word' id='word_1_47' title='bbox 639 1186 755 1262; x_wconf 85' lang='lat' dir='ltr'>femnt,</span> <span class='ocrx_word' id='word_1_48' title='bbox 778 1208 844 1249; x_wconf 91' lang='lat' dir='ltr'>sors</span> <span class='ocrx_word' id='word_1_49' title='bbox 856 1183 965 1248; x_wconf 88' lang='lat' dir='ltr'>ultima</span> <span class='ocrx_word' id='word_1_50' title='bbox 979 1191 1086 1247; x_wconf 89' lang='lat' dir='ltr'>nostra</span> <span class='ocrx_word' id='word_1_51' title='bbox 1100 1189 1158 1258; x_wconf 83' lang='lat' dir='ltr'>est,</span> 
     </span>
     <span class='ocr_line' id='line_1_9' title="bbox 147 1284 1055 1376; baseline -0.002 -22"><span class='ocrx_word' id='word_1_52' title='bbox 147 1298 214 1356; x_wconf 88' lang='grc'>445</span> <span class='ocrx_word' id='word_1_53' title='bbox 239 1292 329 1369; x_wconf 84' lang='lat' dir='ltr'>Quos</span> <span class='ocrx_word' id='word_1_54' title='bbox 344 1284 457 1356; x_wconf 88' lang='lat' dir='ltr'>servire</span> <span class='ocrx_word' id='word_1_55' title='bbox 471 1292 578 1376; x_wconf 89' lang='lat' dir='ltr'>pudet.</span> <span class='ocrx_word' id='word_1_56' title='bbox 617 1293 698 1355; x_wconf 84' lang='lat' dir='ltr'><strong>Sunt</strong></span> <span class='ocrx_word' id='word_1_57' title='bbox 712 1289 803 1353; x_wconf 91' lang='lat' dir='ltr'>nobis</span> <span class='ocrx_word' id='word_1_58' title='bbox 817 1289 901 1353; x_wconf 88' lang='lat' dir='ltr'>nulla</span> <span class='ocrx_word' id='word_1_59' title='bbox 915 1289 1055 1374; x_wconf 84' lang='lat' dir='ltr'>prolecto</span> 
     </span>
     <span class='ocr_line' id='line_1_10' title="bbox 238 1395 973 1479; baseline -0.003 -19"><span class='ocrx_word' id='word_1_60' title='bbox 238 1395 390 1463; x_wconf 82' lang='lat' dir='ltr'>Numina:</span> <span class='ocrx_word' id='word_1_61' title='bbox 414 1418 486 1461; x_wconf 90' lang='lat' dir='ltr'>cum</span> <span class='ocrx_word' id='word_1_62' title='bbox 501 1419 585 1460; x_wconf 89' lang='lat' dir='ltr'>caeco</span> <span class='ocrx_word' id='word_1_63' title='bbox 599 1395 761 1479; x_wconf 84' lang='lat' dir='ltr'>rapiantur</span> <span class='ocrx_word' id='word_1_64' title='bbox 775 1395 876 1459; x_wconf 89' lang='lat' dir='ltr'>secula</span> <span class='ocrx_word' id='word_1_65' title='bbox 890 1417 973 1474; x_wconf 89' lang='lat' dir='ltr'>casu,</span> 
     </span>
     <span class='ocr_line' id='line_1_11' title="bbox 238 1497 1005 1586; baseline -0.004 -21"><span class='ocrx_word' id='word_1_66' title='bbox 238 1497 416 1565; x_wconf 84' lang='lat' dir='ltr'>Mentimur</span> <span class='ocrx_word' id='word_1_67' title='bbox 429 1521 562 1586; x_wconf 88' lang='lat' dir='ltr'>regnare</span> <span class='ocrx_word' id='word_1_68' title='bbox 576 1499 697 1563; x_wconf 89' lang='lat' dir='ltr'>Jovem.</span> <span class='ocrx_word' id='word_1_69' title='bbox 720 1499 872 1584; x_wconf 86' lang='lat' dir='ltr'>spectabit</span> <span class='ocrx_word' id='word_1_70' title='bbox 886 1499 927 1564; x_wconf 90' lang='lat' dir='ltr'>ab</span> <span class='ocrx_word' id='word_1_71' title='bbox 941 1499 1005 1563; x_wconf 87' lang='lat' dir='ltr'>alto</span> 
     </span>
     <span class='ocr_line' id='line_1_12' title="bbox 237 1598 1107 1681; baseline -0.003 -13"><span class='ocrx_word' id='word_1_72' title='bbox 237 1602 372 1669; x_wconf 88' lang='lat' dir='ltr'>AEthere</span> <span class='ocrx_word' id='word_1_73' title='bbox 387 1603 589 1681; x_wconf 85' lang='lat' dir='ltr'>Thessalicas,</span> <span class='ocrx_word' id='word_1_74' title='bbox 613 1615 717 1668; x_wconf 88' lang='lat' dir='ltr'>teneat</span> <span class='ocrx_word' id='word_1_75' title='bbox 731 1626 804 1668; x_wconf 89' lang='lat' dir='ltr'>cum</span> <span class='ocrx_word' id='word_1_76' title='bbox 818 1603 958 1680; x_wconf 87' lang='lat' dir='ltr'>fulmina,</span> <span class='ocrx_word' id='word_1_77' title='bbox 982 1598 1107 1666; x_wconf 79' lang='lat' dir='ltr'>caedes?</span> 
     </span>
     <span class='ocr_line' id='line_1_13' title="bbox 239 1699 1090 1796; baseline -0.002 -24"><span class='ocrx_word' id='word_1_78' title='bbox 239 1707 363 1772; x_wconf 86' lang='lat' dir='ltr'>Scilicet</span> <span class='ocrx_word' id='word_1_79' title='bbox 377 1707 443 1792; x_wconf 86' lang='lat' dir='ltr'>ipse</span> <span class='ocrx_word' id='word_1_80' title='bbox 457 1719 542 1792; x_wconf 91' lang='lat' dir='ltr'>petet</span> <span class='ocrx_word' id='word_1_81' title='bbox 558 1705 718 1772; x_wconf 76' lang='lat' dir='ltr'>Pholoe&#39;n?</span> <span class='ocrx_word' id='word_1_82' title='bbox 739 1719 823 1792; x_wconf 91' lang='lat' dir='ltr'>petet</span> <span class='ocrx_word' id='word_1_83' title='bbox 837 1699 962 1796; x_wconf 79' lang='lat' dir='ltr'>ignibus</span> <span class='ocrx_word' id='word_1_84' title='bbox 978 1707 1090 1783; x_wconf 90' lang='lat' dir='ltr'>OEten,</span> 
     </span>
     <span class='ocr_line' id='line_1_14' title="bbox 149 1807 1170 1902; baseline -0.002 -25"><span class='ocrx_word' id='word_1_85' title='bbox 149 1820 213 1879; x_wconf 83' lang='grc'>450</span> <span class='ocrx_word' id='word_1_86' title='bbox 237 1814 469 1902; x_wconf 81' lang='lat' dir='ltr'>Immeritaeque</span> <span class='ocrx_word' id='word_1_87' title='bbox 483 1838 593 1880; x_wconf 91' lang='lat' dir='ltr'>nemus</span> <span class='ocrx_word' id='word_1_88' title='bbox 610 1814 793 1900; x_wconf 83' lang='lat' dir='ltr'>Rhodopes,</span> <span class='ocrx_word' id='word_1_89' title='bbox 815 1816 970 1900; x_wconf 88' lang='lat' dir='ltr'>pinusque</span> <span class='ocrx_word' id='word_1_90' title='bbox 985 1807 1170 1878; x_wconf 86' lang='lat' dir='ltr'>minanteis?</span> 
     </span>
     <span class='ocr_line' id='line_1_15' title="bbox 238 1917 1055 2005; baseline 0 -23"><span class='ocrx_word' id='word_1_91' title='bbox 238 1917 362 1982; x_wconf 85' lang='lat' dir='ltr'>Cassius</span> <span class='ocrx_word' id='word_1_92' title='bbox 377 1917 438 1982; x_wconf 88' lang='lat' dir='ltr'>hoc</span> <span class='ocrx_word' id='word_1_93' title='bbox 452 1917 556 2004; x_wconf 89' lang='lat' dir='ltr'>potius</span> <span class='ocrx_word' id='word_1_94' title='bbox 570 1917 658 1983; x_wconf 84' lang='lat' dir='ltr'>feriet</span> <span class='ocrx_word' id='word_1_95' title='bbox 673 1917 786 2004; x_wconf 82' lang='lat' dir='ltr'>caput?</span> <span class='ocrx_word' id='word_1_96' title='bbox 808 1932 890 1983; x_wconf 88' lang='lat' dir='ltr'>astra</span> <span class='ocrx_word' id='word_1_97' title='bbox 906 1919 1055 2005; x_wconf 88' lang='lat' dir='ltr'>Thyestae</span> 
     </span>
     <span class='ocr_line' id='line_1_16' title="bbox 237 2020 1035 2108; baseline -0.003 -22"><span class='ocrx_word' id='word_1_98' title='bbox 237 2020 388 2098; x_wconf 87' lang='lat' dir='ltr'>Abstulit,</span> <span class='ocrx_word' id='word_1_99' title='bbox 411 2033 442 2084; x_wconf 93' lang='lat' dir='ltr'>et</span> <span class='ocrx_word' id='word_1_100' title='bbox 457 2023 565 2085; x_wconf 90' lang='lat' dir='ltr'>subitis</span> <span class='ocrx_word' id='word_1_101' title='bbox 580 2021 741 2085; x_wconf 88' lang='lat' dir='ltr'>damnavit</span> <span class='ocrx_word' id='word_1_102' title='bbox 754 2021 899 2085; x_wconf 88' lang='lat' dir='ltr'>noctibus</span> <span class='ocrx_word' id='word_1_103' title='bbox 914 2024 1035 2108; x_wconf 86' lang='lat' dir='ltr'>Argos:</span> 
     </span>
     <span class='ocr_line' id='line_1_17' title="bbox 239 2123 1067 2211; baseline -0.001 -23"><span class='ocrx_word' id='word_1_104' title='bbox 239 2123 306 2188; x_wconf 91' lang='lat' dir='ltr'>Tot</span> <span class='ocrx_word' id='word_1_105' title='bbox 320 2123 432 2188; x_wconf 90' lang='lat' dir='ltr'>similes</span> <span class='ocrx_word' id='word_1_106' title='bbox 446 2123 577 2188; x_wconf 85' lang='lat' dir='ltr'>fratrum</span> <span class='ocrx_word' id='word_1_107' title='bbox 592 2123 723 2210; x_wconf 84' lang='lat' dir='ltr'>gladios,</span> <span class='ocrx_word' id='word_1_108' title='bbox 745 2136 933 2209; x_wconf 85' lang='lat' dir='ltr'>patrumque</span> <span class='ocrx_word' id='word_1_109' title='bbox 947 2124 1067 2211; x_wconf 84' lang='lat' dir='ltr'>gerenti</span> 
     </span>
     <span class='ocr_line' id='line_1_18' title="bbox 236 2225 959 2292; baseline -0.004 0"><span class='ocrx_word' id='word_1_110' title='bbox 236 2225 409 2292; x_wconf 72' lang='lat' dir='ltr'>Thessaliae</span> <span class='ocrx_word' id='word_1_111' title='bbox 423 2226 511 2292; x_wconf 89' lang='lat' dir='ltr'>dabit</span> <span class='ocrx_word' id='word_1_112' title='bbox 525 2227 577 2291; x_wconf 89' lang='lat' dir='ltr'>ille</span> <span class='ocrx_word' id='word_1_113' title='bbox 592 2225 702 2291; x_wconf 77' lang='lat' dir='ltr'>diem?</span> <span class='ocrx_word' id='word_1_114' title='bbox 723 2227 868 2290; x_wconf 86' lang='lat' dir='ltr'>mortalia</span> <span class='ocrx_word' id='word_1_115' title='bbox 882 2227 959 2290; x_wconf 88' lang='lat' dir='ltr'>nulli</span> 
     </span>
     <span class='ocr_line' id='line_1_19' title="bbox 149 2329 1058 2422; baseline 0 -28"><span class='ocrx_word' id='word_1_116' title='bbox 149 2337 212 2396; x_wconf 83' lang='grc'>455</span> <span class='ocrx_word' id='word_1_117' title='bbox 232 2331 320 2398; x_wconf 51' lang='lat' dir='ltr'>¹Sunt</span> <span class='ocrx_word' id='word_1_118' title='bbox 334 2343 442 2396; x_wconf 87' lang='lat' dir='ltr'>curata</span> <span class='ocrx_word' id='word_1_119' title='bbox 457 2331 539 2396; x_wconf 81' lang='lat' dir='ltr'>Deo</span> <span class='ocrx_word' id='word_1_120' title='bbox 569 2330 665 2395; x_wconf 87' lang='lat' dir='ltr'>cladis</span> <span class='ocrx_word' id='word_1_121' title='bbox 680 2343 785 2396; x_wconf 90' lang='lat' dir='ltr'>tamen</span> <span class='ocrx_word' id='word_1_122' title='bbox 800 2329 893 2417; x_wconf 89' lang='lat' dir='ltr'>hujus</span> <span class='ocrx_word' id='word_1_123' title='bbox 907 2329 1058 2422; x_wconf 86' lang='lat' dir='ltr'>habemus</span> 
     </span>
     <span class='ocr_line' id='line_1_20' title="bbox 237 2434 1069 2524; baseline -0.002 -24"><span class='ocrx_word' id='word_1_124' title='bbox 237 2435 431 2515; x_wconf 84' lang='lat' dir='ltr'>Vindictam,</span> <span class='ocrx_word' id='word_1_125' title='bbox 455 2449 604 2524; x_wconf 87' lang='lat' dir='ltr'>quantam</span> <span class='ocrx_word' id='word_1_126' title='bbox 619 2435 708 2501; x_wconf 88' lang='lat' dir='ltr'>terris</span> <span class='ocrx_word' id='word_1_127' title='bbox 723 2435 799 2500; x_wconf 85' lang='lat' dir='ltr'>dare</span> <span class='ocrx_word' id='word_1_128' title='bbox 809 2435 940 2500; x_wconf 87' lang='lat' dir='ltr'>numina</span> <span class='ocrx_word' id='word_1_129' title='bbox 953 2434 999 2498; x_wconf 88' lang='lat' dir='ltr'>fas</span> <span class='ocrx_word' id='word_1_130' title='bbox 1013 2444 1069 2498; x_wconf 86' lang='lat' dir='ltr'>est.</span> 
     </span>
     <span class='ocr_line' id='line_1_21' title="bbox 237 2539 939 2626; baseline -0.006 -20"><span class='ocrx_word' id='word_1_131' title='bbox 237 2539 328 2606; x_wconf 86' lang='lat' dir='ltr'>Bella</span> <span class='ocrx_word' id='word_1_132' title='bbox 341 2563 431 2626; x_wconf 85' lang='lat' dir='ltr'>pares</span> <span class='ocrx_word' id='word_1_133' title='bbox 445 2541 575 2626; x_wconf 69' lang='lat' dir='ltr'>‘Superis</span> <span class='ocrx_word' id='word_1_134' title='bbox 589 2539 703 2606; x_wconf 82' lang='lat' dir='ltr'>facient</span> <span class='ocrx_word' id='word_1_135' title='bbox 716 2539 816 2604; x_wconf 84' lang='lat' dir='ltr'>civilia</span> <span class='ocrx_word' id='word_1_136' title='bbox 831 2540 939 2604; x_wconf 87' lang='lat' dir='ltr'>divos:</span> 
     </span>
     <span class='ocr_line' id='line_1_22' title="bbox 238 2628 1064 2730; baseline -0.001 -22"><span class='ocrx_word' id='word_1_137' title='bbox 238 2645 435 2709; x_wconf 87' lang='lat' dir='ltr'>Fulminibus</span> <span class='ocrx_word' id='word_1_138' title='bbox 446 2665 566 2722; x_wconf 88' lang='lat' dir='ltr'>manes,</span> <span class='ocrx_word' id='word_1_139' title='bbox 589 2644 744 2730; x_wconf 88' lang='lat' dir='ltr'>radiisque</span> <span class='ocrx_word' id='word_1_140' title='bbox 759 2643 893 2721; x_wconf 88' lang='lat' dir='ltr'>ornabit,</span> <span class='ocrx_word' id='word_1_141' title='bbox 917 2655 948 2708; x_wconf 94' lang='lat' dir='ltr'>et</span> <span class='ocrx_word' id='word_1_142' title='bbox 963 2628 1064 2721; x_wconf 78' lang='lat' dir='ltr'>astris,</span> 
     </span>
     <span class='ocr_line' id='line_1_23' title="bbox 237 2745 1071 2832; baseline 0 -21"><span class='ocrx_word' id='word_1_143' title='bbox 237 2745 340 2832; x_wconf 89' lang='lat' dir='ltr'>Inque</span> <span class='ocrx_word' id='word_1_144' title='bbox 355 2746 463 2812; x_wconf 88' lang='lat' dir='ltr'>Deum</span> <span class='ocrx_word' id='word_1_145' title='bbox 477 2745 730 2832; x_wconf 89' lang='lat' dir='ltr'>templisjurabit</span> <span class='ocrx_word' id='word_1_146' title='bbox 745 2747 850 2812; x_wconf 89' lang='lat' dir='ltr'>Roma</span> <span class='ocrx_word' id='word_1_147' title='bbox 863 2769 921 2832; x_wconf 88' lang='lat' dir='ltr'>per</span> <span class='ocrx_word' id='word_1_148' title='bbox 934 2747 1071 2811; x_wconf 88' lang='lat' dir='ltr'>umbras.</span> 
     </span>
     <span class='ocr_line' id='line_1_24' title="bbox 149 2848 973 2935; baseline 0.006 -25"><span class='ocrx_word' id='word_1_149' title='bbox 149 2855 213 2913; x_wconf 84' lang='grc'>460</span> <span class='ocrx_word' id='word_1_150' title='bbox 282 2849 330 2914; x_wconf 90' lang='lat' dir='ltr'>Ut</span> <span class='ocrx_word' id='word_1_151' title='bbox 344 2848 455 2932; x_wconf 88' lang='lat' dir='ltr'>rapido</span> <span class='ocrx_word' id='word_1_152' title='bbox 469 2871 561 2914; x_wconf 90' lang='lat' dir='ltr'>cursu</span> <span class='ocrx_word' id='word_1_153' title='bbox 572 2848 627 2914; x_wconf 85' lang='lat' dir='ltr'>sati</span> <span class='ocrx_word' id='word_1_154' title='bbox 638 2871 783 2935; x_wconf 87' lang='lat' dir='ltr'>suprema</span> <span class='ocrx_word' id='word_1_155' title='bbox 798 2863 973 2916; x_wconf 88' lang='lat' dir='ltr'>morantem</span> 
     </span>
     <span class='ocr_line' id='line_1_25' title="bbox 236 2953 970 3039; baseline 0.004 -21"><span class='ocrx_word' id='word_1_156' title='bbox 236 2953 446 3018; x_wconf 88' lang='lat' dir='ltr'>Consumsere</span> <span class='ocrx_word' id='word_1_157' title='bbox 459 2953 579 3018; x_wconf 87' lang='lat' dir='ltr'>locum:</span> <span class='ocrx_word' id='word_1_158' title='bbox 602 2976 699 3039; x_wconf 87' lang='lat' dir='ltr'>parva</span> <span class='ocrx_word' id='word_1_159' title='bbox 713 2955 821 3020; x_wconf 88' lang='lat' dir='ltr'>tellure</span> <span class='ocrx_word' id='word_1_160' title='bbox 835 2955 970 3033; x_wconf 88' lang='lat' dir='ltr'>diremti,</span> 
     </span>
     <span class='ocr_line' id='line_1_26' title="bbox 236 3057 1166 3149; baseline 0.002 -27"><span class='ocrx_word' id='word_1_161' title='bbox 236 3057 318 3122; x_wconf 90' lang='lat' dir='ltr'>Inde</span> <span class='ocrx_word' id='word_1_162' title='bbox 332 3078 461 3121; x_wconf 87' lang='lat' dir='ltr'>manum</span> <span class='ocrx_word' id='word_1_163' title='bbox 475 3069 623 3143; x_wconf 89' lang='lat' dir='ltr'>spectant,</span> <span class='ocrx_word' id='word_1_164' title='bbox 648 3059 813 3147; x_wconf 87' lang='lat' dir='ltr'>vultusque</span> <span class='ocrx_word' id='word_1_165' title='bbox 825 3083 994 3149; x_wconf 87' lang='lat' dir='ltr'>agnoscere</span> <span class='ocrx_word' id='word_1_166' title='bbox 1009 3069 1166 3147; x_wconf 86' lang='lat' dir='ltr'>quaerunt,</span> 
     </span>
    </p>
   </div>
   <div class='ocr_carea' id='block_1_5' title="bbox 236 3167 1087 3362">
    <p class='ocr_par' dir='ltr' id='par_1_6' title="bbox 236 3167 1087 3362">
     <span class='ocr_line' id='line_1_27' title="bbox 239 3167 1087 3258; baseline 0.005 -26"><span class='ocrx_word' id='word_1_167' title='bbox 239 3168 314 3245; x_wconf 84' lang='lat' dir='ltr'>Quo</span> <span class='ocrx_word' id='word_1_168' title='bbox 329 3191 384 3232; x_wconf 88' lang='lat' dir='ltr'>sua</span> <span class='ocrx_word' id='word_1_169' title='bbox 397 3167 461 3253; x_wconf 89' lang='lat' dir='ltr'>pila</span> <span class='ocrx_word' id='word_1_170' title='bbox 473 3168 598 3245; x_wconf 87' lang='lat' dir='ltr'>cadant,</span> <span class='ocrx_word' id='word_1_171' title='bbox 621 3181 675 3234; x_wconf 89' lang='lat' dir='ltr'>aut</span> <span class='ocrx_word' id='word_1_172' title='bbox 690 3194 752 3258; x_wconf 90' lang='lat' dir='ltr'>qua</span> <span class='ocrx_word' id='word_1_173' title='bbox 767 3173 826 3236; x_wconf 88' lang='lat' dir='ltr'>sibi</span> <span class='ocrx_word' id='word_1_174' title='bbox 840 3171 904 3236; x_wconf 88' lang='lat' dir='ltr'>fata</span> <span class='ocrx_word' id='word_1_175' title='bbox 917 3173 1087 3250; x_wconf 90' lang='lat' dir='ltr'>minentur,</span> 
     </span>
     <span class='ocr_line' id='line_1_28' title="bbox 236 3272 1028 3362; baseline 0.003 -24"><span class='ocrx_word' id='word_1_176' title='bbox 236 3273 365 3338; x_wconf 85' lang='lat' dir='ltr'>Facturi</span> <span class='ocrx_word' id='word_1_177' title='bbox 380 3295 452 3362; x_wconf 85' lang='lat' dir='ltr'>quac</span> <span class='ocrx_word' id='word_1_178' title='bbox 466 3286 608 3337; x_wconf 89' lang='lat' dir='ltr'>monstra</span> <span class='ocrx_word' id='word_1_179' title='bbox 621 3272 734 3338; x_wconf 87' lang='lat' dir='ltr'>forent.</span> <span class='ocrx_word' id='word_1_180' title='bbox 764 3275 870 3338; x_wconf 88' lang='lat' dir='ltr'>videre</span> <span class='ocrx_word' id='word_1_181' title='bbox 883 3289 1028 3361; x_wconf 88' lang='lat' dir='ltr'>parentes</span> 
     </span>
    </p>
   </div>
   <div class='ocr_carea' id='block_1_6' title="bbox 148 3386 1095 3474">
    <p class='ocr_par' dir='ltr' id='par_1_7' title="bbox 148 3386 1095 3474">
     <span class='ocr_line' id='line_1_29' title="bbox 148 3386 1095 3474; baseline 0.002 -26"><span class='ocrx_word' id='word_1_182' title='bbox 148 3392 213 3450; x_wconf 89' lang='grc'>465</span> <span class='ocrx_word' id='word_1_183' title='bbox 236 3386 409 3450; x_wconf 87' lang='lat' dir='ltr'>Frontibus</span> <span class='ocrx_word' id='word_1_184' title='bbox 423 3386 571 3466; x_wconf 84' lang='lat' dir='ltr'>adversis,</span> <span class='ocrx_word' id='word_1_185' title='bbox 592 3386 793 3474; x_wconf 86' lang='lat' dir='ltr'>fraternaque</span> <span class='ocrx_word' id='word_1_186' title='bbox 807 3390 982 3452; x_wconf 88' lang='lat' dir='ltr'>cornminus</span> <span class='ocrx_word' id='word_1_187' title='bbox 997 3409 1095 3465; x_wconf 87' lang='lat' dir='ltr'>arma,</span> 
     </span>
    </p>
   </div>
   <div class='ocr_carea' id='block_1_7' title="bbox 32 3589 1289 4566">
    <p class='ocr_par' dir='ltr' id='par_1_8' title="bbox 32 3589 1289 4566">
     <span class='ocr_line' id='line_1_30' title="bbox 128 3589 1263 3662; baseline 0.006 -21"><span class='ocrx_word' id='word_1_188' title='bbox 128 3592 169 3642; x_wconf 79' lang='lat' dir='ltr'>Sic</span> <span class='ocrx_word' id='word_1_189' title='bbox 189 3595 283 3658; x_wconf 79' lang='lat' dir='ltr'>passim</span> <span class='ocrx_word' id='word_1_190' title='bbox 294 3596 358 3659; x_wconf 86' lang='lat' dir='ltr'>apud</span> <span class='ocrx_word' id='word_1_191' title='bbox 375 3597 468 3655; x_wconf 79' lang='lat' dir='ltr'>Po‘e‘tas,</span> <span class='ocrx_word' id='word_1_192' title='bbox 488 3599 596 3647; x_wconf 85' lang='lat' dir='ltr'>Fortuna</span> <span class='ocrx_word' id='word_1_193' title='bbox 606 3608 677 3660; x_wconf 84' lang='lat' dir='ltr'>stare,</span> <span class='ocrx_word' id='word_1_194' title='bbox 709 3589 773 3648; x_wconf 82' lang='lat' dir='ltr'>ultra</span> <span class='ocrx_word' id='word_1_195' title='bbox 785 3599 884 3662; x_wconf 83' lang='lat' dir='ltr'>Scythae,</span> <span class='ocrx_word' id='word_1_196' title='bbox 896 3609 925 3648; x_wconf 88' lang='lat' dir='ltr'>ut</span> <span class='ocrx_word' id='word_1_197' title='bbox 935 3607 1000 3648; x_wconf 84' lang='lat' dir='ltr'>trans</span> <span class='ocrx_word' id='word_1_198' title='bbox 1011 3599 1126 3646; x_wconf 85' lang='lat' dir='ltr'>Rhenum</span> <span class='ocrx_word' id='word_1_199' title='bbox 1139 3595 1263 3648; x_wconf 83' lang='lat' dir='ltr'>Germani.</span> 
     </span>
     <span class='ocr_line' id='line_1_31' title="bbox 127 3674 1262 3740; baseline 0.003 -22"><span class='ocrx_word' id='word_1_200' title='bbox 127 3683 237 3733; x_wconf 80' lang='lat' dir='ltr'>manere,</span> <span class='ocrx_word' id='word_1_201' title='bbox 249 3674 363 3731; x_wconf 85' lang='lat' dir='ltr'>recedere,</span> <span class='ocrx_word' id='word_1_202' title='bbox 374 3690 449 3731; x_wconf 82' lang='lat' dir='ltr'>ruere,</span> <span class='ocrx_word' id='word_1_203' title='bbox 467 3676 575 3724; x_wconf 86' lang='lat' dir='ltr'>occidere</span> <span class='ocrx_word' id='word_1_204' title='bbox 586 3677 679 3726; x_wconf 86' lang='lat' dir='ltr'>dicitur.</span> <span class='ocrx_word' id='word_1_205' title='bbox 711 3679 783 3728; x_wconf 86' lang='lat' dir='ltr'>Ultra</span> <span class='ocrx_word' id='word_1_206' title='bbox 798 3678 893 3740; x_wconf 81' lang='lat' dir='ltr'>Tigrim</span> <span class='ocrx_word' id='word_1_207' title='bbox 909 3688 972 3727; x_wconf 84' lang='lat' dir='ltr'>certe</span> <span class='ocrx_word' id='word_1_208' title='bbox 989 3675 1072 3726; x_wconf 85' lang='lat' dir='ltr'>Parthi</span> <span class='ocrx_word' id='word_1_209' title='bbox 1093 3676 1262 3738; x_wconf 81' lang='lat' dir='ltr'>regnabantur,</span> 
     </span>
     <span class='ocr_line' id='line_1_32' title="bbox 127 3746 1264 3822; baseline 0.017 -27"><span class='ocrx_word' id='word_1_210' title='bbox 127 3746 180 3798; x_wconf 79' lang='lat' dir='ltr'>Res</span> <span class='ocrx_word' id='word_1_211' title='bbox 191 3768 221 3800; x_wconf 85' lang='lat' dir='ltr'>ex</span> <span class='ocrx_word' id='word_1_212' title='bbox 239 3752 310 3801; x_wconf 84' lang='lat' dir='ltr'>Floro</span> <span class='ocrx_word' id='word_1_213' title='bbox 326 3761 398 3814; x_wconf 81' lang='lat' dir='ltr'>patet,</span> <span class='ocrx_word' id='word_1_214' title='bbox 415 3753 430 3800; x_wconf 81' lang='lat' dir='ltr'>i</span> <span class='ocrx_word' id='word_1_215' title='bbox 445 3759 465 3801; x_wconf 91' lang='grc'>1.</span> <span class='ocrx_word' id='word_1_216' title='bbox 477 3755 555 3815; x_wconf 85' lang='lat' dir='ltr'>Prope</span> <span class='ocrx_word' id='word_1_217' title='bbox 577 3760 625 3803; x_wconf 77' lang='lat'>250</span> <span class='ocrx_word' id='word_1_218' title='bbox 636 3771 678 3804; x_wconf 84' lang='lat' dir='ltr'>an·</span> <span class='ocrx_word' id='word_1_219' title='bbox 711 3771 762 3822; x_wconf 84' lang='lat' dir='ltr'>non</span> <span class='ocrx_word' id='word_1_220' title='bbox 777 3765 859 3804; x_wconf 87' lang='lat' dir='ltr'>autem</span> <span class='ocrx_word' id='word_1_221' title='bbox 873 3755 941 3804; x_wconf 82' lang='lat' dir='ltr'>liberi</span> <span class='ocrx_word' id='word_1_222' title='bbox 957 3765 1031 3804; x_wconf 86' lang='lat' dir='ltr'>erant.</span> <span class='ocrx_word' id='word_1_223' title='bbox 1064 3751 1264 3816; x_wconf 74' lang='lat' dir='ltr'>1aqueopnonit</span> 
     </span>
     <span class='ocr_line' id='line_1_33' title="bbox 32 3831 1263 3892; baseline 0.002 -17"><span class='ocrx_word' id='word_1_224' title='bbox 32 3831 34 3836; x_wconf 90' lang='lat'>&#39;</span> <span class='ocrx_word' id='word_1_225' title='bbox 125 3839 171 3875; x_wconf 84' lang='lat' dir='ltr'>nos</span> <span class='ocrx_word' id='word_1_226' title='bbox 185 3846 245 3880; x_wconf 87' lang='lat' dir='ltr'>cum</span> <span class='ocrx_word' id='word_1_227' title='bbox 267 3831 387 3882; x_wconf 82' lang='lat' dir='ltr'>Finitimis</span> <span class='ocrx_word' id='word_1_228' title='bbox 407 3831 510 3881; x_wconf 74' lang='lat' dir='ltr'>luctatus</span> <span class='ocrx_word' id='word_1_229' title='bbox 520 3841 561 3888; x_wconf 83' lang='lat' dir='ltr'>est,</span> <span class='ocrx_word' id='word_1_230' title='bbox 581 3847 623 3892; x_wconf 84' lang='lat' dir='ltr'>per</span> <span class='ocrx_word' id='word_1_231' title='bbox 632 3837 681 3882; x_wconf 79' lang='lat'>250</span> <span class='ocrx_word' id='word_1_232' title='bbox 712 3831 820 3880; x_wconf 86' lang='lat' dir='ltr'>Tacitus:</span> <span class='ocrx_word' id='word_1_233' title='bbox 838 3835 917 3881; x_wconf 79' lang='lat' dir='ltr'>acrior</span> <span class='ocrx_word' id='word_1_234' title='bbox 933 3835 1029 3882; x_wconf 80' lang='lat' dir='ltr'>Arsacis</span> <span class='ocrx_word' id='word_1_235' title='bbox 1039 3845 1109 3892; x_wconf 81' lang='lat' dir='ltr'>regno</span> <span class='ocrx_word' id='word_1_236' title='bbox 1134 3831 1263 3879; x_wconf 71' lang='lat' dir='ltr'>Gentiano·</span> 
     </span>
     <span class='ocr_line' id='line_1_34' title="bbox 125 3909 1016 3974; baseline 0.006 -22"><span class='ocrx_word' id='word_1_237' title='bbox 125 3909 681 3974; x_wconf 74' lang='lat' dir='ltr'>annositaliamsubegitdebincadCaesarem</span> <span class='ocrx_word' id='word_1_238' title='bbox 713 3912 876 3959; x_wconf 79' lang='lat' dir='ltr'>rumlibertur·</span> <span class='ocrx_word' id='word_1_239' title='bbox 910 3909 1016 3958; x_wconf 83' lang='lat' dir='ltr'>Grotius.</span> 
     </span>
     <span class='ocr_line' id='line_1_35' title="bbox 125 3981 1158 4050; baseline -0.002 -15"><span class='ocrx_word' id='word_1_240' title='bbox 125 3981 271 4048; x_wconf 76' lang='lat' dir='ltr'>Augustum</span> <span class='ocrx_word' id='word_1_241' title='bbox 283 3993 332 4036; x_wconf 76' lang='lat'>200</span> <span class='ocrx_word' id='word_1_242' title='bbox 342 3987 406 4044; x_wconf 84' lang='lat' dir='ltr'>anni,</span> <span class='ocrx_word' id='word_1_243' title='bbox 418 3988 504 4050; x_wconf 89' lang='lat' dir='ltr'>quibus</span> <span class='ocrx_word' id='word_1_244' title='bbox 514 3995 592 4037; x_wconf 87' lang='lat' dir='ltr'>totum</span> <span class='ocrx_word' id='word_1_245' title='bbox 600 3990 682 4040; x_wconf 86' lang='lat' dir='ltr'>orbem</span> <span class='ocrx_word' id='word_1_246' title='bbox 747 3993 801 4036; x_wconf 89' lang='grc'><strong>440.</strong></span> <span class='ocrx_word' id='word_1_247' title='bbox 817 4013 883 4026; x_wconf 92' lang='lat'>—-</span> <span class='ocrx_word' id='word_1_248' title='bbox 893 3991 956 4043; x_wconf 77' lang='lat' dir='ltr'>Quid</span> <span class='ocrx_word' id='word_1_249' title='bbox 966 3997 1070 4048; x_wconf 83' lang='lat' dir='ltr'>temporo</span> <span class='ocrx_word' id='word_1_250' title='bbox 1081 3988 1158 4047; x_wconf 76' lang='lat' dir='ltr'>legum</span> 
     </span>
     <span class='ocr_line' id='line_1_36' title="bbox 124 4063 1289 4128; baseline -0.003 -12"><span class='ocrx_word' id='word_1_251' title='bbox 124 4063 228 4116; x_wconf 60' lang='lat' dir='ltr'>mavit.</span> <span class='ocrx_word' id='word_1_252' title='bbox 812 4067 919 4128; x_wconf 73' lang='lat' dir='ltr'>Egimrra</span> <span class='ocrx_word' id='word_1_253' title='bbox 936 4074 1096 4114; x_wconf 75' lang='lat' dir='ltr'>coturnoso</span> <span class='ocrx_word' id='word_1_254' title='bbox 1112 4063 1207 4112; x_wconf 73' lang='lat' dir='ltr'>chamle</span> <span class='ocrx_word' id='word_1_255' title='bbox 1222 4078 1264 4112; x_wconf 83' lang='lat' dir='ltr'>no·</span> <span class='ocrx_word' id='word_1_256' title='bbox 1288 4064 1289 4067; x_wconf 70' lang='grc'>’</span> 
     </span>
     <span class='ocr_line' id='line_1_37' title="bbox 158 4142 1266 4211; baseline -0.014 -7"><span class='ocrx_word' id='word_1_257' title='bbox 158 4147 216 4191; x_wconf 77' lang='lat'>⁴³3·</span> <span class='ocrx_word' id='word_1_258' title='bbox 233 4148 347 4203; x_wconf 66' lang='lat' dir='ltr'>libertas,</span> <span class='ocrx_word' id='word_1_259' title='bbox 363 4148 427 4194; x_wconf 75' lang='lat' dir='ltr'>altra</span> <span class='ocrx_word' id='word_1_260' title='bbox 447 4149 547 4211; x_wconf 65' lang='lat' dir='ltr'>Tigrim,</span> <span class='ocrx_word' id='word_1_261' title='bbox 559 4153 679 4201; x_wconf 81' lang='lat' dir='ltr'>Rhenum·</span> <span class='ocrx_word' id='word_1_262' title='bbox 713 4144 915 4210; x_wconf 68' lang='lat' dir='ltr'>manuteneat]</span> <span class='ocrx_word' id='word_1_263' title='bbox 933 4144 984 4193; x_wconf 86' lang='lat' dir='ltr'>Liv.</span> <span class='ocrx_word' id='word_1_264' title='bbox 1000 4143 1069 4194; x_wconf 82' lang='lat' dir='ltr'>initio</span> <span class='ocrx_word' id='word_1_265' title='bbox 1090 4142 1130 4190; x_wconf 88' lang='lat' dir='ltr'>lib.</span> <span class='ocrx_word' id='word_1_266' title='bbox 1147 4142 1170 4189; x_wconf 86' lang='lat' dir='ltr'>ii.</span> <span class='ocrx_word' id='word_1_267' title='bbox 1184 4143 1266 4191; x_wconf 75' lang='lat' dir='ltr'>Libera·</span> 
     </span>
     <span class='ocr_line' id='line_1_38' title="bbox 46 4220 1264 4290; baseline -0.007 -18"><span class='ocrx_word' id='word_1_268' title='bbox 46 4273 51 4280; x_wconf 73' lang='grc'><strong>,</strong></span> <span class='ocrx_word' id='word_1_269' title='bbox 125 4233 170 4279; x_wconf 67' lang='lat' dir='ltr'><em>w</em></span> <span class='ocrx_word' id='word_1_270' title='bbox 184 4224 295 4290; x_wconf 68' lang='lat' dir='ltr'>recessit]</span> <span class='ocrx_word' id='word_1_271' title='bbox 313 4223 388 4280; x_wconf 85' lang='lat' dir='ltr'>Quasi</span> <span class='ocrx_word' id='word_1_272' title='bbox 404 4224 472 4283; x_wconf 84' lang='lat' dir='ltr'>dicat,</span> <span class='ocrx_word' id='word_1_273' title='bbox 492 4231 555 4288; x_wconf 67' lang='lat' dir='ltr'>ulm</span> <span class='ocrx_word' id='word_1_274' title='bbox 565 4227 681 4281; x_wconf 71' lang='lat' dir='ltr'>terminos</span> <span class='ocrx_word' id='word_1_275' title='bbox 703 4223 757 4284; x_wconf 82' lang='lat' dir='ltr'>jum</span> <span class='ocrx_word' id='word_1_276' title='bbox 768 4226 823 4272; x_wconf 78' lang='lat' dir='ltr'>trine</span> <span class='ocrx_word' id='word_1_277' title='bbox 837 4224 922 4286; x_wconf 81' lang='lat' dir='ltr'>populi</span> <span class='ocrx_word' id='word_1_278' title='bbox 933 4224 1037 4270; x_wconf 78' lang='lat' dir='ltr'>Romani</span> <span class='ocrx_word' id='word_1_279' title='bbox 1047 4237 1083 4269; x_wconf 82' lang='lat' dir='ltr'>res</span> <span class='ocrx_word' id='word_1_280' title='bbox 1096 4236 1153 4283; x_wconf 84' lang='lat' dir='ltr'>pace</span> <span class='ocrx_word' id='word_1_281' title='bbox 1164 4220 1264 4280; x_wconf 78' lang='lat' dir='ltr'>belloque</span> 
     </span>
     <span class='ocr_line' id='line_1_39' title="bbox 127 4295 1265 4378; baseline 0.004 -34"><span class='ocrx_word' id='word_1_282' title='bbox 127 4295 230 4360; x_wconf 81' lang='lat' dir='ltr'>Imperii</span> <span class='ocrx_word' id='word_1_283' title='bbox 247 4305 359 4364; x_wconf 79' lang='lat' dir='ltr'>Romani.</span> <span class='ocrx_word' id='word_1_284' title='bbox 393 4306 439 4355; x_wconf 87' lang='lat' dir='ltr'>Sed</span> <span class='ocrx_word' id='word_1_285' title='bbox 457 4323 515 4374; x_wconf 65' lang='lat' dir='ltr'>cum</span> <span class='ocrx_word' id='word_1_286' title='bbox 532 4319 596 4378; x_wconf 66' lang='lat' dir='ltr'>infra</span> <span class='ocrx_word' id='word_1_287' title='bbox 617 4309 682 4359; x_wconf 80' lang='lat' dir='ltr'>dicat</span> <span class='ocrx_word' id='word_1_288' title='bbox 709 4311 792 4364; x_wconf 80' lang='lat' dir='ltr'>gestus,</span> <span class='ocrx_word' id='word_1_289' title='bbox 803 4319 893 4352; x_wconf 81' lang='lat' dir='ltr'>annuos</span> <span class='ocrx_word' id='word_1_290' title='bbox 901 4303 1057 4362; x_wconf 77' lang='lat' dir='ltr'>magistratus,</span> <span class='ocrx_word' id='word_1_291' title='bbox 1070 4295 1213 4362; x_wconf 69' lang='lat' dir='ltr'>imperiaque</span> <span class='ocrx_word' id='word_1_292' title='bbox 1230 4296 1265 4341; x_wconf 70' lang='lat'>1⁶·</span> 
     </span>
     <span class='ocr_line' id='line_1_40' title="bbox 128 4372 1264 4466; baseline 0.009 -42"><span class='ocrx_word' id='word_1_293' title='bbox 128 4372 258 4428; x_wconf 83' lang='lat' dir='ltr'>Germanis</span> <span class='ocrx_word' id='word_1_294' title='bbox 277 4390 301 4430; x_wconf 79' lang='lat' dir='ltr'>et</span> <span class='ocrx_word' id='word_1_295' title='bbox 323 4381 416 4445; x_wconf 76' lang='lat' dir='ltr'>Scythis</span> <span class='ocrx_word' id='word_1_296' title='bbox 432 4401 517 4466; x_wconf 70' lang='lat' dir='ltr'>⁰⁰¹¹ch</span> <span class='ocrx_word' id='word_1_297' title='bbox 544 4419 568 4462; x_wconf 71' lang='lat' dir='ltr'><strong>m</strong></span> <span class='ocrx_word' id='word_1_298' title='bbox 586 4393 681 4446; x_wconf 79' lang='lat' dir='ltr'>liberta·</span> <span class='ocrx_word' id='word_1_299' title='bbox 710 4397 767 4442; x_wconf 74' lang='lat' dir='ltr'>gum</span> <span class='ocrx_word' id='word_1_300' title='bbox 779 4383 911 4442; x_wconf 65' lang='lat' dir='ltr'>namara</span> <span class='ocrx_word' id='word_1_301' title='bbox 927 4395 1000 4444; x_wconf 67' lang='lat' dir='ltr'>mm</span> <span class='ocrx_word' id='word_1_302' title='bbox 1016 4382 1135 4430; x_wconf 69' lang='lat' dir='ltr'>hominum</span> <span class='ocrx_word' id='word_1_303' title='bbox 1146 4387 1264 4436; x_wconf 63' lang='lat' dir='ltr'>amem·</span> 
     </span>
     <span class='ocr_line' id='line_1_41' title="bbox 127 4428 1222 4566; baseline -0.033 -64"><span class='ocrx_word' id='word_1_304' title='bbox 127 4452 308 4510; x_wconf 58' lang='lat' dir='ltr'>&amp;mueronem</span> <span class='ocrx_word' id='word_1_305' title='bbox 320 4428 683 4566; x_wconf 41' lang='lat' dir='ltr'>Tanaimsitlaggzumuem</span> <span class='ocrx_word' id='word_1_306' title='bbox 715 4459 822 4510; x_wconf 83' lang='lat' dir='ltr'>Grotius.</span> <span class='ocrx_word' id='word_1_307' title='bbox 1209 4445 1222 4466; x_wconf 68' lang='lat'>0</span> 
     </span>
    </p>
   </div>
   <div class='ocr_carea' id='block_1_8' title="bbox 0 0 1467 4986">
    <p class='ocr_par' dir='ltr' id='par_1_9' title="bbox 0 0 1467 4986">
     <span class='ocr_line' id='line_1_42' title="bbox 0 0 1467 4986; baseline 0 0"><span class='ocrx_word' id='word_1_308' title='bbox 0 0 1467 4986; x_wconf 95' lang='lat' dir='ltr'> </span> 
     </span>
    </p>
   </div>
  </div>
 </body>
</html>
