2900 4902
340 352 700 436 PHARSALIAE
743 353 855 432 LIB.
892 353 962 434 IV.
1173 365 1246 438 sot

220 563 321 650 Felix,
337 572 391 659 qui
404 571 508 658 potuit
521 569 632 635 mundi
646 579 778 637 nutante
791 569 893 649 ruins,

218 678 294 756 Quo
303 679 406 764 jaceat
416 678 483 764 jam
494 677 574 742 seire
587 674 668 741 loco.
690 696 756 739 non
765 673 874 760 praelia
887 672 982 740 fessus

11 869 12 878 ἵ
134 789 194 850 395
218 783 294 850 Ulla
307 791 433 862 vocent,
447 794 549 847 certos
563 802 629 846 non
642 789 796 867 rumpunt
809 779 938 846 classico
951 799 1087 846 somnos.

217 890 290 956 Jum
298 890 428 976 conjux,
443 888 571 975 notique
585 886 689 966 rudes,
705 899 737 952 et
752 885 881 951 sordido
894 897 986 966 tecto,

81 987 83 992 ’
217 993 262 1060 Et
274 1015 341 1059 non
356 994 507 1058 deductos
521 993 632 1079 recipit
647 1015 702 1060 sno
717 1005 801 1058 terra
815 991 956 1058 colonos.

216 1097 294 1166 Hoc
309 1119 434 1187 quoque
448 1100 562 1164 securis
576 1099 680 1164 oneris
694 1097 822 1164 fortuna
836 1097 967 1177 remisit,

217 1202 373 1270 Sollicitus
387 1203 486 1268 menti
499 1203 585 1290 quod
596 1203 683 1269 abest
696 1202 797 1267 favor:
812 1202 865 1268 ille
878 1201 986 1269 solutis

133 1315 195 1373 400
217 1305 276 1374 Est
286 1321 407 1387 auctor,
423 1308 491 1374 dux
506 1308 560 1374 ille
573 1308 645 1374 fuit.
657 1309 702 1373 sio
717 1306 826 1394 proelia
841 1307 900 1372 soli

216 1411 335 1478 Felices
348 1413 435 1478 nullo
450 1423 592 1499 spectant
605 1412 707 1477 civilia
717 1407 802 1477 voto.

261 1518 337 1584 Non
352 1517 463 1591 eedem
476 1516 552 1582 belli·
565 1527 667 1582 totum
681 1516 807 1582 fortuna
816 1537 874 1602 per
887 1515 998 1580 orbem

216 1619 377 1688 Constitit:
393 1622 427 1687 in
441 1633 546 1708 portes
560 1620 678 1710 aliquid
694 1621 749 1686 sed
765 1621 899 1686 Caeseris
913 1643 988 1686 ausu
1004 1630 1061 1700 est,

216 1725 290 1802 Qus
303 1727 399 1792 muris
412 1727 544 1792 Adriaci
557 1727 668 1816 longos
682 1726 758 1792 serit
768 1725 855 1792 undo
870 1725 1013 1804 Salonas,

132 1835 195 1894 405
218 1829 262 1895 Et
275 1830 418 1918 tepidum
431 1833 466 1896 in
480 1833 589 1898 molles
605 1832 769 1921 Zephyros
783 1833 925 1898 excurrit
939 1832 1044 1898 luder.¹

213 1939 282 2006 Illic
297 1941 408 2008 bellaci
419 1944 555 2010 confisus
568 1955 665 2033 gente
681 1943 848 2024 Curetum,

212 2043 303 2124 Quos
317 2047 373 2113 elit
387 2049 529 2115 Adriuco
544 2049 635 2114 tellus
649 2049 833 2115 moumfluo
847 2059 959 2134 ponto,

212 2137 378 2217 Clauditur
392 2162 534 2216 extremo
548 2149 688 2215 residens
704 2151 865 2216 Antonius
879 2173 948 2228 oro,

209 2251 329 2320 Cautus
342 2253 383 2318 ab
396 2255 526 2320 incursu
539 2253 623 2332 belli,
636 2255 665 2318 si
679 2253 747 2320 sola
759 2254 896 2332 recedat,

123 2370 189 2429 410
211 2363 384 2453 Expugnat
397 2386 469 2452 quae
482 2375 562 2446 tuto,
572 2365 678 2431 fomes.
702 2385 769 2430 non
783 2361 899 2451 pabule
912 2363 1003 2430 tellus
1117 2401 1120 2410 ·

73 2489 77 2504 ‘
208 2469 378 2536 Pascendis
392 2471 547 2538 submittit
560 2471 657 2558 equis,
672 2491 739 2536 non
753 2469 891 2555 proserit
904 2468 1002 2534 iillum
1040 2541 1043 2546 ,

211 2573 307 2642 Flave
323 2573 419 2642 Ceres
433 2589 582 2666 segetem:
598 2575 751 2664 spoliabat
763 2575 909 2668 gramine
922 2595 1070 2661 campum
1112 2594 1117 2662 j
1142 2664 1146 2668 .

213 2677 321 2758 Miles,
337 2691 369 2746 ct
383 2692 507 2746 attonso
522 2680 641 2746 miseris
650 2682 719 2768 jum
733 2679 882 2746 dentibus
896 2703 973 2746 arvo

212 2781 395 2850 Castrorum
410 2785 505 2851 siccus
520 2784 561 2850 de
575 2785 692 2871 cespite
705 2785 841 2851 vulserat
855 2785 978 2850 herbas

122 2897 187 2956 415
211 2891 259 2960 Ut
272 2895 409 2978 primum
424 2895 847 2962 sdversaesociosinlittore
860 2908 955 2962 terrae
1115 2985 1118 2990 Ι

212 2998 256 3064 Et
271 2997 412 3064 Basilum
425 3001 533 3069 videre
545 3002 672 3069 ducem:
688 3023 772 3068 nova
786 3001 869 3069 furta
882 3025 940 3090 per
954 3024 1064 3092 oequor

210 3101 378 3189 Exquisite
390 3104 489 3196 fugae:
505 3109 707 3196 nequeenim
722 3108 762 3174 de
772 3131 862 3175 more
875 3109 998 3176 carinas
1113 3143 1117 3150 ·

209 3205 406 3289 Extendunt,
418 3233 603 3300 puppesque
616 3213 733 3292 levant,
745 3215 801 3280 sed
815 3213 908 3280 firma
921 3215 1070 3304 gerendis

207 3309 350 3379 Molibus
360 3315 488 3382 insolito
502 3329 676 3384 contexunt
690 3311 806 3384 robore
816 3319 925 3384 ductu.

121 3420 187 3480 420
210 3417 357 3505 Namque
370 3431 470 3487 ratem
485 3445 593 3490 vucuae
608 3431 783 3488 sustentant
796 3422 937 3510 undique
951 3446 1074 3512 ouppae,

210 3521 357 3599 Quarum
369 3529 521 3614 porrectis
536 3529 629 3594 series
641 3521 813 3593 constrictu
827 3530 945 3594 catenis
1204 3517 1206 3522 ¹

209 3626 386 3696 Ordinibus
405 3633 539 3720 geminis
554 3631 697 3719 obliquas
711 3632 828 3718 excipit
842 3628 940 3698 alnos.
998 3618 1001 3628 ¹

207 3732 277 3800 Nec
290 3736 374 3824 gerit
387 3740 566 3823 expositum
582 3737 651 3803 telis
665 3737 699 3802 in
713 3737 817 3803 fronte
831 3739 951 3824 potenti

101 3975 160 4011 m
171 3957 330 4026 saturnos,
342 3961 654 4028 mett-‹pudendam-
687 3965 810 4031 nug-mu
829 3965 881 4012 hae
899 3980 955 4026 pm
972 3965 1091 4015 suenoni.
1130 3967 1237 4022 Grotius.
1291 4012 1296 4021 .

100 4051 161 4088 cono
168 4037 256 4088 wmdt
265 4039 361 4090 Florum
378 4043 480 4106 Aliquid
489 4051 565 4092 tunm
574 4046 654 4094 adner-
719 4046 775 4090 412.
785 4066 851 4080 -
861 4045 978 4105 spoliabor
983 4048 1091 4106 gramine
1102 4061 1212 4110 campum

100 4118 262 4166 mutantem
274 4122 356 4168 ducem
374 4111 433 4170 curo
444 4123 553 4172 Fortuna
569 4133 609 4173 ert.
626 4124 652 4172 iu
783 4118 880 4184 Miles]
898 4118 1005 4180 chone,
1023 4120 1237 4182 SPOLIARAT,

101 4191 185 4244 ecdem
196 4195 383 4260 inminutae
417 4200 523 4249 Grotius
684 4203 713 4246 ut
720 4210 777 4246 utor
791 4199 910 4248 Vuuerats
928 4213 1006 4262 neque
1017 4198 1090 4256 enim,
1101 4199 1239 4258 creduntur·

132 4279 188 4325 406.
204 4279 260 4327 Illic
278 4280 360 4328 bellom
377 4283 478 4348 confirm
492 4291 560 4344 gem
577 4285 649 4332 cun.
683 4285 774 4328 trorum
795 4279 881 4328 herbas
907 4278 975 4342 prius
985 4279 1144 4340 comederunt,
1162 4296 1237 4344 quem

99 4352 169 4419 tum,]
187 4354 298 4404 Omnino
307 4371 364 4406 eum
377 4357 452 4408 MSS.
462 4359 592 4424 legendum
604 4365 651 4414 Cu·
684 4357 775 4417 Compi.

98 4431 194 4480 munt
227 4431 336 4482 curtem
346 4444 413 4492 νοω
428 4436 492 4486 nnn.
499 4437 516 4486 1.
529 4437 563 4487 u.
576 4454 595 4489 c,
608 4444 647 4488 n.
711 4448 767 4494 mn
795 4447 907 4512 numque
921 4458 996 4500 ,nm
1011 4464 1091 4499 m
1106 4432 1237 4503 mast
