2900 4902
369 346 967 483 perincursurum
1030 393 1045 458 s
1172 357 1242 430 res
1303 419 1306 424 ,

204 565 335 633 Victum
348 586 419 631 aero
430 565 530 634 ,robur
543 563 669 645 cecidit,
684 563 843 654 fessusque
852 552 982 634 senecta

124 672 184 736 730
206 670 407 758 Exemplum,
423 694 490 738 non
503 671 592 738 miles
605 673 686 756 eret)
702 673 757 759 qui
771 671 881 738 sunere
893 671 972 750 riso,

178 805 184 812 ·
203 775 297 862 Soepe
311 755 425 842 cadens
438 776 545 865 longae
555 776 660 842 senior
672 797 731 864 per
744 787 881 846 transtra
894 776 1012 842 earinae

204 880 354 947 Pervenit
367 881 408 947 sd
422 882 556 968 puppim
572 882 788 970 spirantesque
801 883 921 950 invenit
936 893 1033 948 ortus.

205 985 445 1074 Nonslacrymae
455 985 597 1054 cecidere
607 988 707 1077 genis,
722 1009 789 1056 non
804 999 935 1078 pectora
948 984 1065 1068 tundit,

205 1090 361 1158 Distentis
375 1103 443 1158 toto
453 1092 551 1182 riguit
565 1093 621 1159 sed
635 1115 769 1180 corpore
782 1094 905 1181 palmis.

125 1197 184 1263 tes
206 1197 284 1263 Nox
299 1197 392 1276 subit,
408 1210 503 1286 etque
516 1197 626 1264 oeulos
639 1210 736 1265 vcstae
750 1199 914 1264 obduxere
927 1195 1078 1276 tenebrae,

205 1301 250 1369 Et
263 1302 413 1368 miserum
427 1325 558 1370 cernens
572 1325 742 1393 agnoscere
756 1303 872 1370 desirfit
887 1304 1023 1392 Argum.

206 1405 265 1472 Ille
279 1418 374 1494 caput
387 1407 507 1490 lubens,
523 1409 632 1494 etjam
646 1407 829 1498 languentia
842 1407 926 1475 colle

208 1511 287 1578 Viso
301 1501 500 1599 petrelevet:
514 1535 580 1578 vox
595 1511 700 1578 huces
712 1511 800 1579 nullo
814 1512 932 1579 solutes

205 1616 423 1705 Prosequitur:
439 1618 537 1683 tacito
551 1628 676 1684 tantum
690 1618 771 1705 petit
784 1617 893 1684 oscula
907 1617 1009 1696 vultu;

128 1721 186 1785 no
207 1721 389 1810 Invitatque
402 1722 501 1808 patris
516 1722 693 1790 claudendo
708 1723 749 1789 sd
764 1722 888 1789 lumine
901 1723 1059 1791 dextram.

208 1827 257 1894 Ut
266 1840 401 1918 ¹torpore
415 1849 512 1894 senex
526 1828 637 1908 caruit,
653 1828 797 1916 viresque
811 1840 959 1895 cruentus

206 1933 315 2020 Coepit
329 1932 446 2000 hebere
456 1933 560 2014 dolor,
572 1955 639 2000 non
653 1935 786 2022 perdam
802 1945 956 2022 tempora,
972 1932 1068 2015 dixit,

204 2040 239 2106 A
253 2039 344 2104 saevis
357 2041 509 2126 permissa
518 2039 609 2120 Deis,
616 2041 829 2131 jugulumque
843 2041 975 2108 senilem

207 2142 410 2211 Confodiem.
425 2144 549 2209 terrim
563 2145 678 2211 misero
692 2146 832 2212 concede
846 2146 981 2232 parenti,

129 2247 184 2312 745
206 2249 308 2338 Arge,
323 2247 410 2336 quod
424 2248 600 2335 amplexus,
615 2261 757 2316 extreme
769 2249 857 2337 quod
870 2250 978 2316 oscula
990 2249 1073 2339 fugi.

207 2354 365 2421 Nondum
382 2337 523 2419 destituit
538 2347 658 2420 celidur
674 2365 730 2420 tue
743 2353 874 2419 vulnera
889 2355 1026 2444 sanguis,

207 2459 472 2546 Semianimisque
480 2459 578 2546 jaces,
594 2471 625 2525 et
639 2457 846 2546 sdhuopotes
861 2481 927 2524 esse
940 2467 1104 2545 superstes.

211 2565 268 2632 Sic
283 2563 373 2644 fatus,
389 2565 531 2652 quamvis
545 2564 694 2651 capulum
714 2565 906 2652 perviscera
921 2564 1008 2629 missi

214 2667 379 2736 Polluerat
392 2669 499 2759 gladii,
516 2682 623 2736 temen
637 2669 701 2736 alta
716 2670 774 2736 snb
788 2691 919 2758 sequere
932 2669 1035 2736 tendit

133 2773 191 2839 750
214 2774 378 2861 Praecipiti
393 2775 481 2840 saltu.
511 2774 609 2840 letum
622 2775 884 2862 praecederenati
1083 2769 1088 2777 ⁸

215 2881 432 2948 Festinantem
447 2880 585 2946 animam
597 2881 694 2946 morti
707 2901 774 2946 non
790 2880 925 2946 eredidit
938 2879 1005 2946 uni.

257 2984 417 3052 Inclinant
425 2987 493 3072 jam
506 2983 571 3050 fate
585 2984 717 3051 ducum:
732 3008 792 3082 nee
801 2987 869 3073 jsnr
884 2985 1020 3073 emplius
1034 3005 1149 3073 anceps

213 3089 299 3156 Belli
313 3111 402 3155 casus
417 3100 496 3154 erat:
529 3089 639 3156 Greiae
650 3112 723 3176 pars
737 3095 878 3156 maxims
891 3091 994 3157 classis

215 3193 391 3282 Mergitur:
407 3205 455 3259 ast
469 3193 539 3258 aliae
553 3205 676 3260 mutato
691 3197 810 3284 remige
824 3217 944 3282 puppes

133 3298 193 3364 755
215 3300 362 3365 Victores
375 3319 490 3364 vexere
504 3321 589 3363 suos:
605 3299 731 3364 navalis
744 3321 856 3387 peucae
880 3337 882 3345 s

216 3404 380 3491 Praecipiti
393 3416 524 3470 tenuere
537 3401 624 3494 fuge.
673 3403 755 3481 Quis
765 3404 800 3468 in
815 3403 895 3468 urbe
909 3413 1077 3488 petentum

218 3510 328 3577 Fletus
342 3508 423 3576 eret!
441 3521 577 3597 quantus
588 3521 728 3576 metrum
744 3530 802 3596 per
815 3507 922 3574 littora
936 3503 1108 3593 planctusl.

117 3723 210 3774 udonus
220 3727 353 3776 unedonis
364 3735 494 3789 potentem.
529 3726 632 3784 Deinde,
644 3726 665 3775 si
721 3695 1248 3772 rnsrnrnusmrmmmorlrnonereuuennr

117 3807 230 3854 animare
241 3807 437 3870 vcrofeete'natet,
450 3819 493 3852 cur
509 3807 605 3854 obsecro
616 3821 666 3854 non
700 3819 735 3867 Et
753 3816 897 3869 &manni
916 3831 973 3866 ,gne
992 3815 1067 3866 codex
1086 3813 1257 3878 festinamque

117 3885 232 3932 credidit?
250 3885 332 3934 Immo
342 3899 398 3932 vero
413 3885 488 3932 homo
503 3882 554 3945 ipse
572 3883 669 3932 festine·
701 3898 781 3946 habet,

119 3959 158 4006 bet
167 3961 235 4017 mori,
248 3961 373 4012 ccidrireo
384 3969 519 4008 morantem
527 3961 669 4009 haerentem-
735 3980 791 4026 757,
806 4001 874 4016 .....
886 3979 994 4032 Quam,
1004 3983 1109 4024 merum
1118 3989 1164 4036 per
1179 3973 1258 4022 tntum

119 4051 164 4133 {1⁸²}
173 4039 280 4118 &imm
290 4038 382 4102 (111ῐῆἰοὶ
392 4047 470 4088 ¹¹¹⁰?oe
478 4038 577 4102 ‘¹9³¹st
604 4039 671 4104 1³8⁰
699 4056 812 4128 plectetur
820 4053 846 4120 l]
865 4053 966 4102 Suevius
978 4061 1020 4110 est,
1032 4051 1097 4117 qnod
1112 4060 1137 4100 et
1148 4049 1259 4100 meliores

118 4131 197 4186 Uim·
704 4131 819 4194 etplurer
829 4129 1030 4190 hebentcodices,

143 4224 573 4286 *nommant
731 4222 1173 4274 ensunmunpernnnpencun

657 4361 713 4412 As
