2924 4986
402 307 770 397 PHARSALIAE
803 307 914 393 ΜΒ.
951 309 1045 394 vn.
1223 321 1297 390 aaa

168 530 235 596 540
256 527 328 596 Istis
341 543 436 616 parce
449 554 580 617 precor:
604 531 711 597 vivant
726 530 923 618 Galataeque,
949 529 1092 618 syrique,
1126 612 1128 624 ,

257 634 475 721 Cappodoces,
497 635 656 723 Gallique,
680 636 876 722 extremique
890 633 976 700 orbis
992 633 1089 712 Iberi,

257 742 412 820 Armenii,
437 741 570 808 Cilices:
594 765 668 807 nam
683 755 756 827 post
769 741 872 807 civilia
886 739 969 806 bella

256 845 325 910 Hic
339 846 474 932 populus
491 847 657 912 Romanus
669 847 738 912 erit.
786 847 891 914 Semel
903 857 992 912 ortus
1005 846 1040 910 in
1054 843 1177 913 omneis

255 948 288 1015 It
301 951 408 1028 timor,
432 955 464 1016 et
477 950 548 1017 fatis
558 951 650 1018 datus
665 963 697 1016 et
710 974 770 1036 pro
787 951 914 1016 Caesare
928 973 1048 1018 cursus.

166 1059 232 1120 545
299 1054 441 1121 Ventum
455 1069 523 1122 erat
536 1055 692 1124 adrobur
708 1055 836 1144 Magni,
852 1057 1035 1145 mediasque
1048 1069 1205 1134 catervas3

256 1159 355 1237 Quod
370 1173 454 1227 totos
469 1184 576 1228 errore
590 1185 673 1251 vago
687 1160 869 1248 perfuderat
883 1183 991 1250 agros:

255 1267 406 1338 Constitit
416 1267 470 1334 hic
485 1269 614 1346 bellum,
638 1268 827 1354 fortunaque
843 1268 978 1332 Caesaris
992 1267 1095 1348 bresit,

254 1375 331 1444 Non
346 1378 411 1444 illic
428 1401 539 1468 regum
554 1379 680 1444 auxiliis
691 1377 823 1444 collecta
832 1379 986 1465 juventus

256 1480 348 1546 Bella
361 1482 453 1571 gerit,
477 1483 658 1571 ferrumque
671 1505 783 1548 manus
798 1505 926 1548 movere
941 1491 1080 1572 togatae}

173 1593 240 1654 550
261 1589 320 1655 Ille
334 1589 422 1656 locus
436 1591 548 1658 stanes
557 1591 679 1672 babuit,
695 1593 782 1657 locus
793 1592 846 1658 ille
859 1605 1015 1680 parentes.

256 1697 324 1763 Hic
338 1696 438 1777 furor,
453 1699 507 1766 hic
521 1701 633 1779 rabies,
650 1701 703 1768 hic
717 1713 791 1765 sunt
805 1712 861 1766 tua
875 1701 1019 1779 crimina,
1037 1700 1155 1766 Caesar.
1305 1777 1307 1782 ¹

253 1802 354 1870 Hanc
368 1803 451 1894 fuge,
467 1827 566 1885 mens,
582 1817 705 1892 partem
721 1805 805 1885 belli,
822 1805 1023 1894 tenebrisque
1035 1805 1189 1894 relinque,

255 1906 415 1996 Nullaque
430 1921 591 1976 tantouum
607 1911 719 1989 discat,
735 1925 787 1975 me
801 1922 881 1988 vate,
897 1911 1066 1989 malorum,

256 2013 364 2091 Quam
380 2014 516 2079 multum
530 2013 620 2079 belbe
634 2015 727 2079 liceat
739 2013 891 2090 civilibus,
914 2027 999 2078 aetas.

167 2121 232 2184 555
256 2118 311 2184 Au
324 2119 431 2204 potius
445 2131 576 2205 pereant
590 2119 750 2206 lacrymae,
773 2129 967 2204 pereantque
981 2117 1128 2206 quereloe.

256 2223 419 2312 Quicquid
433 2225 467 2290 in
479 2225 539 2290 hac
550 2225 617 2290 acie
632 2225 762 2313 gessisti,
781 2224 897 2302 Roma,
913 2225 1034 2289 tacebo.

299 2329 368 2397 Hic
384 2329 503 2409 Caesar,
519 2331 621 2396 rabies
635 2328 755 2416 populi,
772 2328 978 2415 stimulusque
988 2328 1116 2408 furoris,

256 2435 308 2502 Ne
322 2459 386 2524 qua
399 2448 490 2524 parte
505 2435 553 2502 sui
567 2445 675 2522 pereat
690 2435 798 2513 scelus,
822 2436 950 2524 agmina
965 2435 1085 2501 circum

258 2540 290 2608 It
303 2566 412 2632 vagus,
434 2557 528 2630 atque
542 2542 632 2630 ignes
647 2540 760 2606 animis
768 2537 976 2629 flagrantibus
992 2538 1090 2605 addit.

167 2652 235 2712 560
256 2646 390 2733 Inspicit
405 2659 437 2712 et
450 2648 584 2736 gladios,
601 2647 655 2732 qui
670 2647 730 2710 toti
745 2645 900 2733 sanguine
915 2657 1055 2723 manent,

256 2751 323 2829 Qui
337 2754 461 2818 niteant
475 2754 580 2840 primo
595 2763 719 2816 tantum
733 2773 887 2816 mucrone
901 2751 1033 2831 cruenti,

256 2857 341 2936 Quae
355 2881 463 2944 presso
475 2870 589 2923 tremat
604 2880 678 2922 ense
689 2879 811 2935 manus,
831 2857 900 2943 quis
915 2855 1072 2946 languida
1085 2857 1158 2937 tela,

256 2963 339 3040 Quis
350 2975 499 3029 contenta
511 2963 602 3041 ferat,
618 2963 688 3051 quia
703 2975 831 3048 praestet
845 2963 927 3029 bella
936 2961 1074 3050 jubenti,

255 3067 363 3145 Quem
377 3089 521 3158 pugnare
531 3071 630 3155 juvet,
643 3069 713 3154 quis
725 3068 845 3135 vultum
860 3069 928 3136 cive
942 3079 1087 3155 peremto
1168 3094 1173 3102 ·

166 3185 232 3245 565
255 3177 376 3245 Mutet:
399 3178 467 3245 obit
481 3178 551 3242 latis
565 3179 707 3264 projecta
722 3177 876 3244 cadavera
890 3177 1023 3263 campis.

255 3283 398 3349 Vulnera
412 3283 585 3348 multorum
601 3294 703 3348 totum
713 3281 823 3347 fusura
837 3304 983 3347 cruorem

257 3389 413 3478 Opposita
427 3384 543 3479 premit
558 3391 625 3478 ipse
638 3412 746 3454 manu.
770 3411 959 3476 quacunque
973 3400 1118 3480 vagatur,

171 3565 705 3645 mammemque-mmmmm
805 3601 1168 3656 arapaammaauun

145 3668 464 3720 eudaemonicus.
736 3694 815 3756 Supra
825 3699 882 3744 400,
1003 3735 1008 3744 Ι

169 3759 260 3799 Proinde
267 3769 328 3799 move
558 3770 648 3800 mar.

177 3837 234 3882 521.
249 3836 313 3882 ram
323 3758 632 3902 offirmas
641 3833 703 3882 cat
760 3801 1005 3910 ffiffffl
1013 3791 1227 3849 mmmm

143 3909 274 3960 Trinitatis
285 3910 373 3960 CUM.
406 3911 488 3960 Recte

178 3994 235 4038 543.
253 3990 304 4038 Hic
315 3989 418 4051 prpulus
438 3990 561 4051 Romanus
576 3988 640 4060 crit]
676 3987 703 4038 Si
742 3951 879 4050 Infmff‘

143 4075 208 4122 hanc
218 4070 346 4119 lectionem
365 4069 456 4132 recipis,
466 4073 526 4126 ordo
537 4082 590 4140 erit,
604 4076 656 4127 Hic
663 4092 706 4138 po·
882 4063 1146 4112 mmmm*

140 4151 273 4212 putauerit
292 4153 430 4206 Romanum
448 4150 527 4221 Atqu
539 4171 571 4224 de
590 4165 627 4210 tot
644 4169 703 4218 gen·
772 4158 828 4204 553.
836 4155 959 4218 Nouoque
966 4145 1086 4202 tantorum
1097 4156 1181 4210 diuet,
1193 4161 1297 4207 muter.

84 4189 91 4266 l
142 4225 373 4285 abundonensis,
386 4226 630 4335 Syriscqpmdodg
644 4231 706 4282 Gal·
723 4279 725 4284 ,
740 4234 878 4300 malorum]
895 4229 968 4278 Tolle
990 4230 1048 4279 istas
1068 4229 1240 4286 distinctiones,
1260 4244 1299 4278 are

144 4306 283 4365 lia,Iberis,
296 4307 424 4366 Armeniis,
445 4311 517 4410 Cilici
580 4299 643 4378 ‘on
657 4317 708 4366 ᾱῑι.
741 4319 806 4366 oete,
828 4309 918 4374 alioqui
930 4308 1074 4362 constructio
1087 4309 1139 4364 erit,
1156 4309 1230 4358 Nullo
1239 4314 1298 4354 oetaa

145 4386 206 4433 isset
223 4385 274 4436 Hir
286 4388 390 4450 populus,
406 4387 444 4438 sed
465 4405 501 4476 ἢ
587 4351 622 4469 up·
662 4395 710 4448 Re·
744 4397 860 4440 tantumn
871 4391 995 4442 malorum,
1006 4387 1076 4435 nullo
1087 4401 1165 4435 sensu.
1201 4385 1304 4434 Mesate

151 4475 223 4526 1¹⁰⁰&
498 4441 511 4494 l
520 4419 605 4546 plina
747 4478 865 4523 tantorum
882 4468 1010 4522 aalma,
1026 4472 1056 4514 ut
1075 4465 1206 4519 Homeros.

703 4553 725 4606 T
741 4561 753 4602 t
