2984 5022
211 307 286 372 430
515 294 572 374 M.
610 299 814 376 ANNAEI
852 299 1082 378 LUCANI

246 571 249 578 .
310 510 498 598 Pompeium
514 510 633 579 facinus
648 514 860 600 meritumque
875 512 969 580 fuisse
984 514 1126 582 Pothini.

355 617 576 705 Nequicquam
590 619 685 683 duras
700 631 848 685 tentasset
864 620 999 686 Caesaris
1013 643 1116 686 aures:

225 729 287 787 105
310 721 426 788 Vultus
433 723 525 794 adest
538 723 693 809 precibus,
709 723 864 811 notaque
877 725 996 790 incesta
1009 738 1147 812 perorat.

309 829 421 918 Exigit
434 829 596 896 infandam
611 842 761 915 corrupto
771 830 879 915 judice
892 843 1028 895 noctem.

311 935 382 1001 Pax'
396 935 451 1000 ubi
465 946 556 1021 parta
569 935 653 1013 duci,
668 934 823 1022 donisque
838 936 1018 1025 ingentibus
1032 949 1118 1002 emta
1132 949 1200 1016 este

307 1039 474 1126 Excepere
488 1039 591 1126 epulae
605 1047 765 1106 tantarum
778 1039 899 1130 gaudia
912 1063 1032 1106 rerum:

308 1132 532 1234 Explicuitque
546 1169 618 1212 suos
633 1164 750 1235 magno
766 1147 936 1232 Cleopatra
957 1149 1096 1214 tumultu

172 1325 175 1332 ¹
222 1259 284 1316 110
306 1252 461 1320 Nondum
471 1253 642 1318 ¹translatos
659 1253 854 1318 Romanuin
867 1253 973 1320 secula
986 1253 1089 1320 luxus.

308 1358 381 1445 Ipse
395 1358 483 1423 locus
496 1357 616 1445 templi,
632 1358 719 1445 quod
735 1359 788 1422 vix
802 1359 981 1444 corruptior
995 1372 1071 1424 aetae

308 1463 459 1542 Extruat,
475 1465 573 1528 instar
587 1475 672 1530 erat:
696 1461 901 1551 laqueataque
917 1476 1000 1528 tecta
1013 1463 1154 1530 ferebant

307 1567 453 1646 Divitias,
470 1590 670 1654 crassumque
683 1568 788 1634 trabes
803 1567 1010 1634 absconderat
1024 1593 1146 1636 aurum.

307 1673 377 1738 Nec
391 1675 520 1738 summis
534 1685 672 1740 crustata
685 1673 810 1750 domus,
827 1674 980 1760 sectisque
994 1675 1114 1741 nitebat

150 1783 151 1788 ’
223 1785 283 1843 115
308 1777 544 1844 Marmoribus:
567 1778 731 1865 stabatque
745 1779 804 1844 sibi
819 1801 888 1862 non
900 1780 1002 1866 segnis
1018 1780 1165 1859 Achates,

309 1885 554 1972 Purpureusque
569 1885 657 1970 lapis,
674 1898 803 1972 totaque
817 1885 931 1952 effusus
946 1886 979 1950 in
994 1883 1068 1952 aula
1127 1907 1132 1914 ’

309 1990 499 2056 Calcabatur
514 1991 631 2078 Ouyx:
658 1990 813 2056 Hebenus
829 1991 1006 2057 Mareotica
1020 2003 1121 2056 vastos

306 2095 383 2160 Non
398 2096 500 2180 operit
515 2108 630 2180 postes,
646 2095 702 2160 sed
717 2107 777 2162 stat
792 2117 851 2182 pro
866 2096 1047 2160 robore'vili

307 2201 483 2279 Auxilium,
499 2222 565 2265 non
579 2200 682 2267 forma
696 2200 819 2266 domus.
842 2200 922 2264 ebur
937 2200 1016 2266 atria
1031 2201 1131 2279 restit,

222 2311 285 2370 tao
307 2305 352 2371 Et
366 2306 478 2370 suffixa
492 2329 588 2372 manu
604 2305 723 2372 foribus
738 2305 902 2372 testudinis
918 2305 1009 2370 Indae

309 2409 416 2499 Terga
432 2410 550 2490 sedent,
567 2411 679 2496 crebro
693 2411 832 2478 maculas
847 2411 996 2476 distincta
1013 2411 1198 2500 Smaragdo.

307 2515 427 2604 Fulget
440 2521 567 2605 gemma
581 2517 669 2595 toris,
684 2529 715 2582 et
727 2516 852 2601 Iaspide
867 2514 951 2580 fulva
966 2515 1121 2600 supellex:

305 2621 412 2686 Strata
425 2621 559 2688 micant:
584 2621 686 2709 Tyrio
703 2643 838 2708 quorum
853 2642 926 2705 pars
941 2621 1081 2694 martimo
1094 2639 1185 2690 succo

307 2725 409 2792 Cocta
423 2725 489 2808 diu,
505 2729 590 2801 virus
603 2749 669 2796 non
682 2749 750 2803 uno
762 2725 857 2802 duxit
869 2723 993 2812 ,alienor

195 2927 244 2978 nice
254 2929 381 2995 recusat]
398 2929 493 2980 Vitiosa
503 2930 625 2982 distinctio
635 2942 678 2989 eet.
703 2933 748 2984 Tu
777 2949 796 2982 -a
809 2941 893 2995 patrm
910 2930 952 2980 sed
968 2931 1116 2980 famulorum
1134 2946 1204 2980 suasu
1215 2947 1269 2980 earn
1288 2947 1330 2981 ex-

196 3005 231 3056 eic
246 3007 399 3070 interpungo,
780 3011 875 3073 pulerat
893 3018 964 3074 atque
982 3009 1056 3056 armis
1077 3009 1243 3057 insectabatur.
1287 3009 1333 3060 Illa

217 3104 602 3149 m-mmmmetumoree
781 3099 855 3138 totam
875 3104 927 3136 rem
949 3087 1039 3136 Caesari
1061 3087 1218 3152 judicandam
1237 3087 1330 3140 detulit

228 3313 281 3358 106.
301 3311 386 3373 Erigit
401 3311 528 3374 infandam
544 3323 652 3377 corrupto
660 3315 746 3377 judfoe
804 3279 1284 3332 fflssstlnssflfflwmpwiudiowoffll.

194 3387 302 3453 noctem]
327 3387 395 3445 Quid
407 3389 453 3436 hoc
474 3391 575 3438 monstri
586 3393 638 3440 ost?
654 3393 746 3456 Exigit,
779 3387 864 3448 Erigit
883 3388 965 3442 dotem,
984 3385 1030 3432 ¹³⁰⁰
1047 3392 1089 3440 0⁵1»
1110 3384 1185 3446 poecll
1199 3399 1215 3432 ὅ
1234 3385 1326 3432 Caesate

192 3466 313 3514 consumit
324 3476 427 3524 noctem,
437 3477 518 3532 stupro
527 3470 634 3522 sciliceta
646 3482 744 3521 arnon.
780 3472 853 3527 atque
864 3463 966 3511 obtinet.
998 3463 1130 3526 Infantiam
1152 3471 1227 3510 antam
1244 3465 1324 3519 dotem,

192 3541 253 3590 dum
273 3558 340 3592 cona
364 3544 531 3606 adornabatur,
556 3549 621 3613 quod
640 3566 698 3599 mox
718 3551 746 3598 fir
778 3543 834 3607 quia
847 3542 1015 3604 Rornanorum
1037 3541 1330 3591 moribusiucestaeeraut

192 3635 284 3685 magno
300 3633 428 3685 apparatu;
444 3636 468 3674 et
490 3627 570 3692 longis
593 3630 745 3678 sermonibus
778 3619 875 3683 nuptia,
887 3618 966 3668 fratris
981 3633 1038 3667 curn
1050 3633 1167 3682 germana
1176 3633 1263 3667 sorore.
1273 3622 1330 3670 Cor·

192 3700 339 3761 producitur,
351 3702 700 3772 versibussequentibusnsque
711 3707 743 3756 ad
776 3699 940 3764 ruptojudr'ce,
953 3698 1011 3762 qnia
1030 3697 1163 3763 (utsupra)
1174 3697 1263 3746 trustra
1275 3699 1329 3748 (ἕω-

192 3783 248 3828 451.
265 3781 347 3838 Quale
365 3797 422 3831 vero
439 3783 507 3833 illud.
525 3789 610 3836 Judice
628 3789 744 3838 noctem?
776 3791 853 3826 wem
876 3775 1021 3838 alpelhffieb
1042 3775 1089 3824 nisi
1104 3779 1130 3824 V
1128 3778 1191 3824 “litt
1209 3777 1329 3840 afficies,

191 3855 687 3928 Moeobopotiusetadulteroopuaqunm
700 3866 742 3927 ju.
776 3855 905 3918 plusquam
927 3868 1007 3912 causa,
1020 3851 1128 3916 judicem
1151 3853 1326 3904 commovisset.

191 3935 252 3984 dice.
284 3938 352 3994 Quid
364 3950 453 3997 autern,
465 3957 497 3990 an
507 3943 571 4004 prior
582 3943 744 4006 Cleopatraet
777 3937 879 3997 Erigere
890 3937 975 3994 dotem,
987 3931 1075 3993 passim
1088 3931 1154 3994 apud
1164 3932 1328 3981 Jurisconsul·

190 4026 241 4060 non
267 4025 351 4078 rogata
375 4027 471 4067 noctem
501 4019 604 4069 Cmaris
631 4023 744 4084 petebat?
776 4025 813 4066 tos
823 4019 903 4066 babes.
914 4023 942 4064 nt
952 4017 1041 4063 chartae
1054 4029 1157 4092 parcam,
1176 4014 1327 4066 Brissonium

190 4093 283 4149 Quanti
302 4104 396 4144 emetur
423 4109 473 4147 tam
491 4101 598 4162 corrupti
615 4100 669 4157 loci,
686 4102 742 4150 satis
775 4095 880 4152 consule,
900 4109 958 4142 voce
975 4095 1083 4156 Erigere.
1123 4092 1196 4142 Orid.
1219 4093 1283 4144 Fast.
1299 4095 1331 4144 ri.

187 4179 253 4220 certa
266 4175 421 4226 emendatio?
437 4179 472 4226 At
492 4180 537 4228 hoc
556 4194 664 4243 agamus.
689 4181 740 4229 Ve-
775 4179 831 4226 594.

170 4260 257 4302 'nm‘
264 4251 399 4316 019οΡΜῆ
419 4266 512 4318 Ρῑῐῐθῐῐὶ
531 4259 600 4322 ἲθεῦἱ
615 4257 741 4308 dlmldlssm
799 4251 1016 4325 Etonputetregnnm
1023 4273 1247 4323 taoiodotaleparentts

184 4331 315 4392 postulans,
325 4350 355 4382 ex
365 4344 509 4386 testamento
525 4339 610 4400 patriar
630 4341 676 4392 hnc
686 4342 742 4390 dote
846 4335 867 4374 ⁵¹
875 4335 907 4374 vlt
912 4335 1155 4386 murmuraremus
1161 4344 1214 4383 vtet-

182 4422 238 4458 eam
249 4425 350 4462 uxor·
360 4412 449 4465 ducere
459 4409 743 4482 Ptolemoeuejubebatur
810 4425 865 4474 107.
885 4420 938 4468 Poe
954 4420 995 4468 abt
1007 4419 1325 4492 portaturi,donr'sq1oer‘n.
