2984 5022
219 356 296 420 sse
495 276 583 414 'u
619 335 828 414 ANNAEI
862 336 1099 419 nucum

331 541 495 629 Quicquid
508 542 551 608 ab
566 541 708 608 extincto
721 540 857 608 licuisset
868 540 982 608 tollere
995 541 1101 623 busto,

327 650 368 716 In
382 647 506 734 templis
520 669 666 734 sparsura
680 647 797 712 Deum.
822 646 889 712 sine
901 647 1022 713 funeris
1034 649 1101 716 ullo

237 773 240 779 ⁴
325 753 429 819 Ardet
442 752 565 818 honore
579 765 686 841 rogus:
712 773 825 816 manus
838 751 901 818 hoc
916 751 1073 840 AEgyptia
1086 754 1192 824 forsan

324 858 450 924 Obtulit
463 857 602 925 officium
615 877 712 946 grave
725 856 880 950 manibus.
903 879 923 921 o
938 857 1019 924 bene
1033 859 1112 926 nudi

253 971 295 1032 65
320 965 507 1031 Crassorum
522 962 656 1030 cineres!
686 962 843 1048 Pompeio
857 962 990 1052 contigit
1005 965 1087 1052 ignis

321 1070 447 1138 Invidia
461 1071 581 1155 majore
595 1068 714 1134 Deum
736 1067 885 1134 similisue
900 1067 1056 1138 malorum

325 1176 401 1242 Sors
416 1174 494 1238 mihi
509 1195 633 1260 semper
647 1170 727 1237 erit?
748 1195 913 1260 nunquam
927 1159 1004 1238 dare
1016 1174 1107 1242 busta
1122 1176 1234 1246 licebit

326 1279 539 1368 Coujugibus:
564 1299 730 1369 nunqupm
744 1277 852 1362 plenas
865 1277 1053 1366 plangemus
1068 1280 1109 1345 ad
1124 1283 1244 1354 urnas?

327 1384 417 1462 Quid
431 1405 529 1470 porro
538 1383 674 1458 tumulis
687 1405 768 1469 opus
783 1394 839 1461 est,
854 1394 910 1448 aut
924 1383 990 1450 ulla
1005 1386 1138 1472 requiris

260 1493 303 1556 70
325 1490 541 1556 Instrumenta
555 1487 664 1554 dolor?
685 1510 751 1553 non
766 1499 835 1554 toto
846 1503 975 1574 pectore
988 1502 1108 1576 portas,

276 1609 278 1616 “
323 1595 440 1682 Impia,
458 1592 672 1680 Pompeium?
693 1615 761 1658 non
775 1594 846 1658 imis
861 1593 964 1660 bearet
973 1596 1085 1684 imago

326 1697 524 1764 Visceribus?
552 1711 676 1786 quaerat
690 1698 813 1764 cineres
826 1698 950 1764 victure
963 1711 1131 1784 superstes.

324 1804 423 1869 Nunc
437 1815 545 1872 tamen
555 1803 617 1880 hic,
634 1803 728 1890 louge
744 1803 798 1888 qui
813 1802 917 1891 fulget
931 1802 1000 1869 luce
1014 1805 1166 1893 maligna,

326 1907 416 1996 Ignis
431 1905 537 1973 adbuc
552 1905 672 1992 aliquid
689 1905 809 1971 Phario
821 1907 865 1972 de
877 1907 981 1975 littore
997 1931 1139 1997 surgens,

263 2016 304 2078 75
328 2011 478 2079 Ostendit
492 2011 581 2089 mihi,
599 2011 731 2101 Magne,
751 2013 810 2078 tui:
828 2012 898 2098 jam
911 2013 1040 2079 flamma
1054 2009 1181 2096 resedit,

327 2119 579 2204 Pompeiumque
592 2117 695 2184 ferens
710 2116 847 2182 vanescit
863 2118 945 2184 Solis
960 2119 1001 2184 ad
1016 2133 1104 2186 ortus

330 2225 460 2301 Fumus,
476 2236 508 2288 et
522 2223 614 2288 invisi
629 2221 765 2288 tendunt
779 2221 859 2286 mihi
873 2223 1005 2288 carbasa
1018 2226 1113 2290 venti.

293 2389 300 2404 ,
327 2329 406 2396 Non
420 2325 501 2391 mibi
514 2349 601 2400 nunc
612 2327 702 2393 tellus
717 2327 873 2413 Pompeio
888 2326 977 2414 siqua
992 2330 1169 2416 triumphos

327 2437 423 2502 Victa
435 2434 532 2512 dedit,
548 2455 615 2500 non
630 2433 693 2500 alta
707 2446 811 2500 terens
828 2433 987 2520 Capitolia
1002 2457 1113 2502 currus

266 2552 308 2608 80
331 2540 476 2607 Gratior:
500 2536 621 2624 elapsus
635 2537 712 2602 felix
726 2537 767 2604 de
781 2550 908 2623 pectore
924 2537 1076 2626 Magnus:

327 2645 430 2714 Hunc
444 2641 601 2721 volumus,
616 2625 711 2728 quem
727 2641 820 2706 Nilus
830 2641 936 2720 habet,
951 2653 1106 2730 terresque
1120 2651 1251 2714 nocent*

325 2753 403 2820 Non
417 2749 539 2814 haerere
560 2770 691 2835 queror:
712 2748 832 2814 crimen
846 2749 1049 2816 commendat
1062 2773 1182 2816 arenas.

327 2856 498 2942 Linquere,
514 2854 540 2918 si
555 2876 618 2939 qua
632 2852 723 2932 fides,
741 2852 866 2922 Pelusia
879 2854 988 2918 littora
1001 2853 1085 2920 nolo.

328 2961 383 3026 Tu
397 2973 471 3046 pete
484 2957 639 3022 bellorum
654 2979 754 3036 casus,
770 2970 802 3022 et
817 2959 907 3046 signo
925 2980 983 3043 per
993 2959 1120 3044 orbem,

266 3075 307 3134 85
332 3069 442 3146 Sexte²
453 3074 587 3149 paterna
601 3084 708 3127 move:
732 3085 870 3150 namque
884 3061 954 3128 haec
967 3064 1118 3130 mandata
1131 3065 1258 3154 reliquit

327 3169 500 3255 Pompeius
513 3165 603 3230 vobis
618 3167 652 3230 in
666 3179 776 3236 nostra
790 3168 918 3234 condita
933 3190 1020 3247 cura,

328 3275 389 3342 Me
403 3293 476 3337 cum
490 3269 590 3336 fatalis
603 3271 668 3336 leto
682 3273 880 3339 damnaverit
893 3272 983 3352 bora,

267 3385 269 3391 “
328 3378 489 3464 Excipite,
505 3399 525 3441 o
540 3376 618 3454 nati,
634 3376 750 3442 bellum
766 3379 866 3457 civile,
883 3401 942 3444 nec
956 3399 1107 3464 unquam,

327 3483 418 3550 Dum
432 3482 523 3548 terris
537 3479 647 3569 aliquis
662 3494 770 3550 nostra
784 3481 826 3548 de
840 3483 937 3568 stirpe
955 3481 1107 3562 manebit,

251 3714 291 3759 70.
308 3709 495 3756 —Nontoto
504 3706 698 3772 perrumpentes]
713 3705 769 3756 Ple·
803 3707 853 3756 tius
864 3706 922 3755 MS.
934 3705 962 3755 P.
973 3708 1060 3762 nescu,
1072 3705 1256 3770 sequitur-enim
1275 3727 1361 3762 υαω.

219 3787 288 3852 rique
298 3785 392 3835 codices
403 3785 461 3833 Non
471 3791 516 3831 toto
533 3786 568 3830 ἐπ.
802 3792 843 3838 αἰ,
881 3785 987 3834 (hotius⁴

252 3869 291 3914 75.
308 3868 384 3914 Nunc
393 3873 471 3912 tanuen
482 3865 529 3921 ltr'c,
538 3859 617 3927 longe]
634 3862 676 3908 An
687 3861 771 3926 legen·
837 3869 877 3912 83.
893 3866 1021 3927 Linquere,
1037 3865 1060 3910 si
1069 3864 1189 3927 presides,
1210 3865 1308 3914 Pelusio
1318 3869 1363 3918 lit·

219 3941 295 3990 cumr
804 3951 854 3990 tora
868 3937 939 4000 nolo-1
967 3941 1059 3987 Versus
1070 3939 1172 4000 spurius.
1189 3940 1286 3990 nullum
1306 3958 1362 3993 uer.

242 4056 314 4096 ΝΜ
326 4051 662 4102 mfllwonueqffifum
674 4051 773 4092 ,umm-
804 4032 857 4068 tum
870 4019 1074 4067 locumhabetin
1094 4017 1281 4081 Manuscriptis3
1299 4032 1326 4070 ot
1345 4041 1363 4072 a

205 4109 206 4120 ¹
265 4114 329 4163 ugos,
417 4109 423 4124 ⁸
587 4107 589 4112 '
805 4097 949 4162 quibusdam
962 4099 1036 4145 abest.
1047 4091 1107 4144 illud
1119 4100 1148 4146 Si
1157 4099 1274 4164 quufides
1286 4099 1365 4168 louge

242 4175 308 4224 lffsslfl,
314 4175 382 4214 adhuc
389 4175 473 4222 aliquid,
481 4173 556 4214 Pbsrlo
563 4173 590 4214 (le
596 4173 658 4212 lliolfl
664 4181 748 4223 811138ῐὶ1
803 4177 843 4226 hie
853 4175 1029 4240 ineptissimum
1047 4186 1088 4224 &Si-

241 4233 548 4284 wnffl‘mhhwe’ffl?
837 4263 876 4307 85.
891 4283 958 4311 -,-
975 4258 1088 4320 Namque
1102 4258 1152 4304 ltoec
1170 4259 1287 4306 mendara
1306 4261 1365 4310 reli·

218 4338 381 4402 Manuscripti
392 4339 485 4404 aliquot
495 4341 584 4388 habent
595 4341 670 4401 Hinc.
931 4338 983 4398 quit

254 4423 293 4468 75.
308 4442 375 4458 --
390 4419 446 4469 Jnm
456 4419 562 4488 flemma
581 4412 687 4481 resedit]
705 4413 768 4464 Rec-
888 4416 1014 4480 Pompeius
1029 4414 1091 4464 vulis
1111 4415 1138 4462 in
1159 4422 1242 4464 metro
1261 4420 1363 4468 condita
