2900 4902
360 327 722 408 PHARSALIAE
757 321 979 416 mum.
1186 335 1256 408 177

221 559 346 630 Ordine
359 571 518 629 contentae
531 560 660 650 gemino
672 562 806 627 crevisse
818 550 964 627 liburnae.

138 674 200 734 535
223 667 346 734 Celsior
359 679 393 734 at
405 669 526 734 cunctis
542 668 635 734 Bruti
648 668 798 754 praetoris
812 668 928 755 puppis

12 793 13 840 l
98 795 102 806 ·
218 771 413 838 Verberibus
426 773 639 861 senis'sgitur,
653 775 831 860 molemque
844 771 1004 860 profundo

221 875 359 956 Invehit,
374 887 408 944 et
421 877 550 944 summis
563 877 658 966 longe
670 877 750 963 petit
759 897 890 963 equora
901 877 1007 941 remis.

263 983 451 1060 Ueientum
464 984 561 1050 medii
574 983 676 1049 foetet
689 982 940 1070 maris'utrnque
954 981 1058 1048 classis

216 1086 316 1163 Quod
329 1088 426 1154 semel
440 1090 576 1155 excussis
589 1100 694 1175 posset
708 1102 922 1156 transcurrere
935 1089 1044 1167 tonsis,

137 1194 197 1254 sto
218 1189 402 1256 Innumerae
415 1195 505 1258 vasto
518 1191 691 1258 miscentur
704 1193 739 1258 iu¹
752 1193 871 1258 oethere
885 1213 990 1258 voces:

118 1355 121 1370 Α
218 1295 457 1384 Remorumque
471 1319 567 1364 sonus
580 1293 735 1385 premitur
748 1298 898 1363 clamore:
912 1320 972 1363 nec
986 1297 1059 1363 nllre

220 1399 337 1466 Audin·
346 1413 478 1487 potuere
492 1403 587 1468 tuba
602 1415 673 1467 tum
686 1403 802 1468 carrula
815 1405 955 1482 verrunt,
1047 1477 1049 1482 ¹

217 1505 326 1591 Atque
339 1506 374 1568 in
387 1518 526 1578 manens
536 1506 664 1586 eadunt,
678 1519 710 1572 et
723 1509 818 1573 remis
832 1519 961 1594 pectore
973 1505 1108 1595 pnlsent.
1219 1557 1224 1562 -

9 1695 10 1698 Ἴ
220 1610 269 1675 Ut
281 1611 422 1697 primum
434 1615 746 1700 rostriscrepuerunt
759 1615 853 1681 obvia
867 1629 981 1682 rostra:

134 1718 197 1778 ⁵45
218 1713 259 1780 In
272 1716 406 1803 puppim
420 1717 542 1784 rediere
555 1731 648 1798 rates,
664 1720 838 1808 emissaque
851 1721 913 1786 tela

218 1821 305 1888 Adra
317 1833 477 1902 texenmt,
493 1847 689 1913 vacuumque
703 1826 849 1892 cadentia
861 1837 1008 1913 pontum.
1122 1893 1125 1906 ,

219 1925 263 1991 Et
272 1927 340 2013 jam
356 1925 492 1994 diductis
505 1931 682 1997 extendunt
696 1932 822 1997 cornua·
831 1933 946 2019 proris,

220 2031 427 2120 Diversaeque
440 2048 523 2099 retes
537 2035 642 2101 laxata
656 2037 751 2102 classe
764 2051 911 2123 roeeptae.

216 2136 272 2216 Ut,
289 2140 413 2225 quoties
424 2153 519 2204 aestus
535 2141 699 2228 Zephyris,
716 2141 873 2227 Eurisque
885 2155 1054 2231 repugnat,

131 2246 193 2306 550
216 2241 295 2308 Huc
310 2242 429 2310 abeunt
435 2243 564 2322 fluctus,
579 2245 653 2310 illuc
666 2245 766 2310 mare:
782 2240 827 2310 sic
841 2246 896 2311 ubi
909 2269 1033 2333 puppes

220 2350 350 2416 Sulcato
364 2352 469 2418 varios
481 2352 644 2417 duxeruut
659 2353 787 2441 gurgite
802 2363 929 2430 tractus,

213 2453 313 2531 Quod
326 2455 399 2521 tulit
412 2456 466 2522 illa
480 2457 556 2522 ratis
569 2458 675 2536 remis,
691 2457 762 2522 haec
776 2456 914 2543 reppulit
922 2453 1046 2546 ‘oequou

217 2559 283 2625 Sed
299 2559 407 2626 Graiis
415 2561 545 2642 habiles,
560 2584 764 2652 pugnamque
777 2548 927 2628 lacessere
940 2562 1034 2649 pinus

214 2664 260 2734 ut
273 2677 396 2733 tentare
409 2668 528 2759 fugam,
543 2691 603 2735 nec
616 2670 714 2759 longo
727 2669 874 2758 frangere
887 2691 968 2758 gyro
1008 2695 1011 2704 ’

127 2779 191 2840 655
214 2772 364 2853 Cursum,
380 2767 439 2842 nec
453 2776 544 2842 tarde
559 2777 697 2844 flectenti
710 2773 824 2842 cedere
839 2776 937 2842 olavo.
1121 2777 1123 2784 ’

213 2877 262 2944 At
277 2877 425 2946 Romana
438 2882 514 2947 ratis
528 2882 673 2948 stabilem
686 2882 830 2970 proebere
844 2882 987 2947 carinam
1045 2909 1047 2925 =

215 2981 351 3063 Certior,
367 2997 399 3050 et
411 2997 505 3052 terrae
520 2987 652 3052 similem
665 2987 855 3054 bellantibus
870 3007 972 3051 usum.

215 3086 311 3154 Tunc
324 3090 359 3153 in
374 3090 521 3180 signifera
534 3090 683 3158 residenti
697 3113 805 3179 puppe
820 3091 977 3180 magistro

214 3192 335 3260 Brutus
349 3197 404 3274 sit,
418 3198 575 3282 paterisne
589 3199 672 3264 scies
686 3219 791 3264 errare
804 3195 986 3284 profundo?

130 3303 193 3363 560
216 3299 348 3366 Artibus
362 3314 394 3367 et
408 3314 507 3368 certas
522 3302 646 3393 pelagi?
655 3305 724 3390 jam
738 3325 868 3368 consere
883 3303 1013 3369 bellum:

217 3403 384 3472 Phocaicis
397 3407 518 3474 medies
531 3410 640 3478 rostris
651 3431 779 3496 oppone
792 3409 925 3504 osripas.
1016 3441 1020 3446 ·

219 3508 345 3590 Paruit,
362 3512 505 3602 obliquas
519 3527 550 3581 et
565 3507 702 3602 praebuit
715 3513 857 3581 hostibus
871 3514 971 3578 alnos.

219 3611 316 3680 Tunc
330 3638 527 3712 qnaecunque
542 3619 617 3685 ratis
631 3621 763 3688 tentavit
776 3619 894 3685 robora
908 3617 1016 3696 Bruti,

218 3719 292 3786 Ictu
306 3721 388 3788 victu
402 3745 470 3802 suo,
486 3746 642 3810 percussoe
657 3737 749 3812 capta
763 3725 902 3792 cohesit.

132 3831 197 3891 565
220 3826 282 3892 Ast
296 3827 371 3894 alias
383 3829 580 3917 manicaeque
593 3829 703 3921 ligent,
719 3841 894 3918 teretesque
908 3838 1039 3906 estense,

109 4043 257 4095 Emendatio
274 4053 310 4094 est
326 4045 372 4094 dri
389 4045 518 4109 praelustris
539 4035 662 4098 Joh'snnts
693 4059 739 4107 tur,
757 4063 869 4113 percusso
888 4057 910 4098 et
929 4056 1006 4110 copto.
1046 4045 1128 4098 Neres
1145 4042 1247 4095 invecta

110 4123 451 4188 Rotgersii,rsgisSueouurn
468 4126 657 4178 ndBatsvosle·
692 4127 860 4192 inpretoriam
869 4125 940 4176 Bruti
950 4127 1106 4182 cohaeserunt,
1115 4124 1180 4174 velut
1189 4139 1246 4187 cup·
1354 4173 1355 4182 ,

110 4203 166 4267 goti,
178 4202 302 4269 probam
318 4205 375 4258 MS.
385 4206 415 4256 P.
434 4219 491 4262 curn
502 4217 559 4258 ante
569 4208 660 4275 legere·
693 4215 732 4268 te,
743 4208 795 4272 ipso
804 4205 867 4258 lctus
876 4206 915 4258 sui
932 4205 1033 4271 impetu.
1052 4206 1087 4256 its
1099 4205 1198 4257 curtius
1207 4203 1250 4254 lib.

520 4313 523 4320 ’
670 4289 692 4340 Ζ
