2900 4902
349 305 728 434 'ruansannn
756 351 867 432 um.
894 355 962 434 Ν.
1084 341 1085 348 '
1165 381 1238 444 213

214 571 390 640 Tentavere
402 571 491 658 prius
504 591 655 658 suspenso
668 569 794 634 vincere
803 567 888 635 bello

215 676 413 755 Foederibus,
429 675 520 742 fieret
528 676 627 760 captis
638 673 663 740 si
678 674 801 740 dulcior
812 675 881 761 ipsa
946 665 949 674 ⁴

198 768 202 775 ¹
216 781 334 848 Mortis
347 781 413 846 vita
426 803 525 846 mora.
541 779 644 846 stabat
654 779 768 846 devota
776 781 936 866 juventus,
1076 872 1078 876 Ι

213 887 377 954 Damnata
386 889 453 974 jam
468 886 538 952 luce
551 883 651 963 ferox,
668 907 839 973 securaque
853 909 971 977 pugnoe

17 1043 18 1068 ,
134 998 191 1060 535
215 991 375 1058 Promisso
389 993 448 1057 sibi
461 991 525 1056 fine
540 1013 651 1058 manu:
668 992 807 1078 nullique
822 990 976 1062 tumultus

216 1097 391 1164 Excussere
404 1097 478 1162 viris
491 1108 611 1162 mentes
625 1095 667 1161 ad
681 1119 804 1164 summe
817 1111 954 1184 paratas:

213 1201 462 1290 Innumerasque
475 1201 568 1268 simul
582 1201 676 1288 pauci
689 1212 835 1287 terraque
844 1205 987 1294 marique

215 1307 395 1374 Sustinuere
409 1329 533 1374 manus:
549 1319 637 1373 tauta
651 1319 697 1372 est
711 1306 828 1374 fiducia
842 1312 963 1380 mortis.

212 1414 320 1502 thue
334 1415 407 1480 satis
421 1414 505 1480 bello
516 1414 618 1480 visum
632 1426 679 1480 est
692 1413 821 1478 fluxisse
831 1416 963 1498 cruoris,

133 1534 191 1590 550
214 1527 331 1591 Versus
346 1525 386 1590 ab
398 1525 487 1592 hoste
500 1525 601 1592 furor:
617 1527 737 1611 primus
750 1525 818 1592 dux
833 1528 900 1613 ipse
915 1530 1032 1596 carinae

212 1630 476 1720 Vulteiusjugulo
491 1653 623 1716 poscens
633 1631 701 1716 jam
717 1631 782 1696 fata
798 1642 927 1712 retecto,

212 1738 338 1826 Ecquis,
351 1740 404 1818 ait,
415 1741 567 1826 juvenum
583 1753 639 1819 est,
656 1741 746 1827 cujus
759 1742 799 1806 sit
813 1741 927 1808 dextra
937 1767 1050 1814 cruore

210 1843 321 1934 Digna
334 1867 415 1923 meo,
432 1858 580 1934 certaque
593 1846 657 1913 fide
671 1869 728 1933 per
742 1847 874 1916 vulnera
887 1861 997 1917 nostra

213 1951 360 2018 Testetur
375 1977 408 2019 se
422 1954 503 2022 velle
516 1953 618 2022 mori?
632 1979 691 2022 nec
704 1957 798 2042 plura
811 1956 920 2024 locuto

128 2063 188 2124 545
209 2057 338 2124 Viscera
351 2081 418 2124 non
432 2083 513 2125 surus
521 2059 712 2145 jamdudum
727 2063 872 2150 transigit
885 2063 977 2128 ensis.

213 2163 383 2250 Collaudat
396 2176 540 2229 cunctos:
555 2164 610 2230 sed
624 2187 708 2242 eum,
724 2167 775 2230 cui
787 2165 918 2234 vulnera
930 2167 1033 2254 prima

211 2269 370 2346 Debebat,
385 2281 478 2357 grato
491 2269 630 2334 moriens
643 2268 794 2334 interficit
807 2269 882 2334 ictu.

212 2373 418 2439 Concurrunt
432 2374 497 2450 alii,
513 2385 678 2458 totumque
689 2374 723 2441 in
738 2372 881 2458 partibus
892 2375 966 2439 unis

212 2479 375 2544 Belloeurn
389 2477 491 2544 fecere
505 2463 600 2553 nefas
616 2477 660 2543 sic
670 2478 792 2544 semine
806 2477 923 2544 Cadmi

124 2589 187 2648 550
210 2583 354 2648 Emicuit
364 2583 493 2648 Dircaea
507 2582 631 2661 cohors,
647 2583 823 2672 ceciditque
836 2607 966 2652 suorum

210 2687 413 2767 Vulneribus,
429 2687 536 2754 dirum
552 2689 715 2756 'lhebanis
725 2687 874 2756 fratribus
887 2713 991 2756 omen.

214 2793 371 2860 Phasidos
384 2805 416 2859 et
429 2793 550 2880 campis
564 2795 701 2860 insomni
716 2795 813 2883 deute
828 2795 925 2863 creati

211 2898 407 2988 Terrigenae,
423 2899 519 2964 misse
533 2900 662 2988 magicis
677 2923 695 2965 e
710 2899 855 2966 cantibus
869 2900 929 2980 ira,

212 3005 358 3094 Cognato
373 3016 477 3070 tantos
491 3006 665 3091 implerunt
680 3005 834 3096 sanguine
849 3006 968 3099 sulcos:

122 3117 188 3176 555
210 3110 356 3199 Ipsaque,
368 3113 539 3198 inexpertis
555 3113 640 3200 quod
655 3113 795 3198 primum
808 3112 924 3179 fecerat
938 3113 1055 3194 herbis,

211 3223 350 3311 Expavit
365 3224 485 3291 Medea
498 3224 594 3290 nefas.
610 3226 656 3290 sic
671 3237 781 3291 mutua
795 3227 880 3312 pacti

213 3331 293 3399 Fata
304 3331 422 3398 cadunt
431 3334 578 3420 juvenes:
594 3331 825 3418 minimumque
838 3331 871 3397 in
886 3343 989 3397 morte
1003 3332 1145 3426 virorum

214 3435 308 3504 Mors
322 3438 446 3505 virtutis
460 3438 567 3506 habet:
585 3438 703 3526 pariter
718 3448 933 3524 sternuntque,
944 3438 1124 3526 caduntque

190 3645 419 3705 Mamuriumque
687 3645 745 3694 nem
752 3641 894 3714 'l'hessalum
903 3640 1019 3705 intellige,
1031 3640 1186 3705 Sagittarium
1195 3641 1241 3692 sei.

191 3716 297 3774 legiam
306 3717 418 3776 nam
425 3721 462 3768 tta
687 3723 852 3787 licetsignum
864 3719 975 3770 Geminis
987 3719 1131 3782 oppositum.
1154 3720 1242 3772 Noster

190 3789 252 3831 m
259 3787 317 3846 χᾶμ
325 3790 359 3838 ἡ,
368 3791 447 3842 am*
687 3803 718 3851 'iu
732 3807 788 3852 5955

103 3869 209 3920 Μ*
409 3949 415 3963 .
710 3913 1230 3966 Τηυο.ιωειοωιοπ,εοῑῑᾱοιιιιιιωετεῆιιιω

133 3951 190 4000 555.
206 3973 272 3988 -
283 3951 336 3998 Nee
347 3963 538 4012 segmsmergere
550 3959 622 4013 poan
713 3973 1015 4023 lmpemflaem‘emuorem
1023 3972 1183 4022 &mianum

100 4119 185 4154 ornnes
195 4029 525 4154 sszessssgassvgrd
542 4027 656 4096 memque
689 4061 761 4112 ovid*
773 4061 874 4110 Mem
885 4059 912 4108 ἢ
923 4065 962 4110 81.

130 4189 187 4234 528.
199 4187 312 4235 Nestum
327 4185 653 4247 Thessalicuaargebutpcrm
710 4177 1196 4229 flammmeamvarmuquemumn.

95 4263 210 4330 tegritas]
235 4263 329 4312 Omnes
347 4262 436 4328 ubique
454 4260 548 4310 codices
566 4261 652 4312 CUM.
717 4271 773 4318 554.
788 4295 855 4311 --
877 4273 964 4321 Tantos
982 4273 1110 4336 implerunt
1124 4275 1240 4335 sunguine

98 4339 186 4392 Rectus
207 4341 362 4392 minuatur
378 4343 460 4399 matio,
483 4343 540 4392 cam
551 4344 599 4398 lua,
610 4343 653 4392 &a
685 4347 789 4416 μάσσω]
811 4348 972 4413 Manusen‘pti
986 4353 1081 4406 Tantos,
1102 4351 1179 4408 Totos,
1196 4349 1239 4399 Αι

98 4419 157 4468 Cum
173 4437 225 4480 aar,
236 4421 279 4471 &a
294 4422 438 4472 mesaliae
448 4423 550 4484 sagittas,
568 4420 653 4471 Chiro·
685 4421 819 4488 le'gendum
830 4427 966 4480 LATOS?
978 4427 1131 4480 Juvenaliri.
1144 4430 1199 4476 157.
