2924 4986
350 303 720 383 PHARSALIAE
763 305 873 384 LIB.
910 310 1021 389 VIII.
1177 325 1250 399 ³57

221 519 470 606 mrrpouonm
485 519 593 584 infelix
608 497 716 586 fabul
731 519 872 586 mesas:

220 625 412 690 Parthorum
426 625 574 692 dominus
588 626 710 713 quoties
724 628 769 690 sic
783 630 936 716 sanguine
951 631 1044 698 misto

220 728 369 794 Nascitur
385 729 571 796 Arsacides?
583 732 636 795 cui
650 730 696 796 fas
710 731 841 817 implere
855 749 1027 817 parentem,

134 837 201 898 410
219 833 309 914 Quid
324 857 395 900 rear
408 857 474 900 esse
484 834 588 904 nefas?
599 837 702 922 proles
716 850 783 902 tam
797 837 882 904 clara
897 839 1020 916 Metelli

221 940 325 1006 Stabit
339 939 504 1006 barbarico
519 942 636 1027 conjux
651 941 815 1008 millesima
829 943 921 1009 lecto.

219 1045 413 1132 Quanquam
427 1067 494 1112 nou
508 1047 565 1112 ulli
574 1047 645 1132 plus
660 1047 762 1136 regia,
780 1049 912 1138 Magne,
928 1053 1051 1120 vacabit

217 1151 347 1218 Saevitia
359 1153 518 1218 stImulata
533 1153 651 1230 Venus,
667 1153 824 1240 titulisque
838 1156 988 1223 virorum.

217 1255 303 1322 Nam
318 1278 382 1343 quo
395 1257 487 1343 plura
497 1260 609 1342 juvent
626 1256 781 1322 Parthum
797 1271 957 1343 portenta,
975 1262 1071 1330 fuisse

130 1357 192 1426 415
216 1361 316 1428 Hanc
327 1365 404 1428 sciet
418 1375 450 1433 et
466 1364 583 1428 Crassi:
598 1385 659 1427 ceu
672 1361 797 1447 pridem
812 1363 918 1429 debita
932 1365 1004 1432 fatis

216 1468 362 1554 Assyriis,
377 1467 514 1532 trahitur
527 1466 625 1532 cladis
636 1467 759 1552 captiva
773 1479 914 1534 vetustae.

217 1573 352 1640 Haereat
364 1574 444 1638 Eoae
457 1574 571 1638 vulnus
582 1572 759 1638 miserabile
773 1575 877 1652 sortia

218 1677 295 1742 Non
309 1677 411 1742 solum
425 1677 581 1743 aurdlhun
595 1676 719 1745 suneao
734 1701 754 1742 a
767 1699 843 1767 rege
857 1680 980 1765 petisse,

218 1782 283 1848 Sed
296 1784 425 1872 gessisse
439 1784 527 1869 prius
541 1781 661 1848 bellum
675 1783 765 1848 civile
778 1784 921 1870 pudebit.

129 1890 194 1952 420
219 1885 302 1953 Nam
317 1887 404 1973 quod
415 1886 502 1973 apud
518 1886 652 1972 populos
662 1888 783 1954 crimen
799 1891 970 1977 socerique,
981 1902 1136 1981 tuumque

216 1990 324 2077 Majus
335 1995 403 2070 erit,
419 2013 515 2078 quam
530 1992 618 2077 quod
633 1992 722 2056 vobis
735 1994 939 2060 miscentibus
949 2019 1047 2077 arma,

221 2095 408 2162 Crassorum
422 2095 563 2160 viudicta
576 2093 679 2181 perit?
692 2097 855 2162 Incurrere
870 2101 977 2164 cuncti
1070 2083 1076 2100 ⁸

216 2200 405 2268 Debuerant
417 2201 452 2264 in
466 2199 582 2264 Bactra
596 2199 703 2277 duces,
724 2214 759 2266 et
774 2223 815 2266 ne
829 2224 893 2288 qus
904 2215 1052 2270 vacarent

215 2307 327 2384 Arma,
342 2305 388 2372 vel
405 2307 564 2372 Arctoum
580 2305 690 2382 Dacis,
703 2305 873 2393 Rhenique
887 2309 1019 2374 catervis

106 2425 110 2431 “
127 2421 189 2480 425
215 2412 344 2498 Imperii
358 2414 480 2480 nudare
493 2413 588 2492 latus,
597 2412 677 2477 dum
691 2412 814 2498 perfida
830 2415 909 2480 Susa

214 2519 255 2584 In
270 2519 407 2586 tumulos
422 2520 569 2607 prolapsa
583 2519 711 2597 ducum,
730 2518 939 2607 Babylonque
946 2519 1099 2606 jacerent

217 2623 356 2710 Assyriae
371 2627 442 2709 paci
452 2625 562 2702 finem,
580 2624 734 2702 Fortuna,
749 2645 930 2709 precamur:

217 2728 271 2809 Et,
288 2730 313 2793 si
329 2728 493 2795 Thessalia
507 2729 622 2812 bellum
637 2729 728 2794 civile
742 2743 904 2814 pacatum
919 2740 976 2808 est,

215 2833 270 2899 Ad
286 2834 432 2914 Parthos,
449 2836 504 2922 qui
518 2836 604 2914 vicit,
620 2845 680 2900 eat
702 2856 783 2923 gens
797 2834 892 2902 unica
904 2834 1017 2900 muudi
1027 2847 1085 2916 est,

125 2947 190 3005 430
214 2940 268 3006 De
283 2961 345 3026 qua
361 2940 512 3006 Caesareis
526 2941 645 3027 possim
655 2942 796 3031 gaudere
807 2941 984 3027 triumphis.

214 3043 290 3110 Non
304 3044 372 3121 tibi,
386 3047 623 3132 quamprimum
634 3045 777 3134 gelidum
789 3047 935 3112 trausibis
946 3048 1099 3126 araxem,

216 3151 342 3218 Umbra
353 3153 434 3218 senis
449 3155 553 3217 moesti
570 3152 726 3238 Scythicis
740 3153 869 3218 confixa
883 3155 1003 3242 sagittis

214 3257 342 3346 Ingeret
355 3257 413 3324 has
428 3256 537 3324 voces?
552 3269 597 3335 tu,
610 3280 704 3344 quem
719 3271 791 3343 post
803 3257 914 3324 funera
928 3273 1037 3328 nostra
1056 3327 1060 3336 ,

214 3363 362 3432 Ultorem
374 3351 516 3431 cinerum
531 3364 628 3430 nudas
643 3364 834 3450 speravimus
849 3364 982 3442 umbrae,

124 3477 190 3535 435
215 3465 269 3533 Ad
284 3468 397 3548 foedur,
414 3492 589 3558 pacemque
604 3466 717 3534 venis?
739 3479 807 3533 tum
821 3467 959 3553 plurima
974 3468 1072 3534 cladis

211 3574 390 3640 Occurrent
405 3578 599 3642 monimenta
612 3574 686 3641 tibi:
707 3595 780 3662 quoe
793 3575 911 3642 moenia
925 3575 1030 3642 trunci

95 3785 188 3840 patant.
223 3775 250 3824 Si
261 3775 314 3840 quis
326 3777 394 3824 Num
407 3777 660 3840 quovispactohicre·
693 3791 753 3840 quos
764 3774 830 3840 leges
844 3776 999 3834 interdicunt,
1016 3791 1049 3824 ue
1066 3783 1173 3826 mbram
1188 3776 1244 3842 qui·

100 3855 188 3912 tineas,
205 3861 259 3902 tum
271 3853 402 3916 legendum
413 3854 465 3911 erit,
694 3852 756 3902 dem.
793 3855 900 3904 Grotius.
949 3881 952 3890 ι

124 3951 651 4004 -aumrquemrrrrrmmneanur
727 3937 783 3982 420
806 3935 874 3982 Nam
889 3937 951 3998 quor
972 3935 1038 3996 apuu
1055 3932 1163 4000 populos]
1181 3936 1248 3985 Nan

133 4035 192 4082 aas.
211 4031 441 4080 saturianum
451 4055 517 4070 --
695 4013 757 4076 rutd
776 4019 801 4058 εἰ
822 4014 896 4066 Quam
914 4014 983 4076 ruah
994 4025 1049 4060 Μ
1065 4011 1197 4061 asnorum
1207 4027 1248 4062 vs·

219 4108 380 4175 fflnjugqu
403 4109 514 4168 Mam,
532 4110 659 4161 'fumet
689 4097 767 4138 nasta
795 4089 1188 4151 ReponeexBersmsrrnicodice,
1207 4090 1249 4140 de·

99 4185 190 4245 mla,
210 4189 343 4254 eonjugiis
691 4167 740 4218 leta
748 4167 943 4230 interrogationis
953 4177 1022 4231 note,

134 4271 193 4315 402.
201 4291 267 4306 --
275 4269 333 4318 Non
341 4269 600 4334 uunmcepsorlegsbas
607 4271 659 4318 hor·
716 4281 772 4324 Nam
779 4281 884 4324 Nudus
892 4281 1040 4334 muopopuroe
1051 4287 1129 4326 armen
1140 4285 1252 4333 mque,

236 4354 272 4394 m
813 4353 841 4382 ue

206 4423 369 4489 Concubitum]
387 4424 426 4475 Ita
436 4431 660 4502 reffpslmusvpro
758 4403 820 4443 Μ

107 4497 171 4546 allis.
207 4498 295 4550 Nullos
315 4501 394 4551 horret
414 4519 562 4596 ‘woefflin'
579 4517 663 4556 eorum
726 4509 783 4559 427.
801 4505 921 4570 Assyrias
929 4503 1005 4569 pact]
1024 4504 1131 4555 sumtus
1145 4501 1260 4560 Camil.
