2984 5022
231 359 305 423 roc
463 343 541 427 Μ.,
562 339 772 418 ANNAEI
806 341 1037 440 LUCANI

227 637 231 646 ¹
339 559 419 624 Pars
427 558 513 644 jacet
526 556 559 622 in
575 555 826 636 medios'vultus,
842 557 988 645 oculique
998 558 1153 646 tenebras.

248 667 313 732 675
337 664 411 730 Idas
425 664 508 752 regit
522 661 680 749 trepidum
698 662 811 742 Pallas,
827 663 1003 751 dextraque
1017 677 1173 734 tremente

335 770 467 836 Perseos
482 767 581 833 aversi
593 767 760 854 Cyllenida
774 768 883 858 dirigit
898 768 1049 856 Harpen,

334 883 421 948 Lata
433 879 612 946 colubriferi
624 902 773 967 rumpens
786 879 927 964 confinia
941 881 1026 946 colli.

338 987 432 1065 Quos
447 986 560 1053 habuit
574 985 678 1051 vultus
692 986 792 1053 lunati
805 986 936 1052 vulnere
950 986 1025 1052 ferri

340 1091 433 1157 Caesa
448 1101 543 1177 ceput
559 1090 694 1179 Gorgon
709 1089 716 1154 Ι
743 1101 864 1178 quanto
879 1091 1011 1176 spirasse
1025 1112 1148 1156 veneno

247 1205 312 1263 680
335 1197 404 1264 Ora
420 1194 511 1262 rear!
540 1209 756 1282 quantumque
771 1195 878 1261 oculos
891 1195 1054 1262 effundere
1067 1196 1193 1262 mortis!

333 1303 403 1370 Nec
417 1302 520 1368 Pallas
536 1315 677 1389 spectare
691 1313 813 1388 potesta
837 1301 1001 1390 vultusque
1014 1303 1170 1392 gelassent

334 1409 465 1476 Perseos
480 1407 614 1486 adversi,
630 1408 738 1472 sinon
749 1405 898 1472 Tritonia
912 1407 1026 1473 densos

331 1516 501 1601 Sparsisset
516 1515 629 1590 crines,
641 1514 831 1600 texissetque
842 1531 899 1578 ora
912 1512 1059 1579 colubris.

333 1621 443 1710 Aliger
458 1621 493 1684 in
508 1619 622 1684 coelum
638 1619 682 1684 sic
696 1630 788 1705 rapta
802 1619 959 1707 Gorgone
972 1619 1063 1707 fugit.

242 1735 305 1794 685
330 1727 388 1793 Ille
403 1727 532 1814 quidem
546 1725 700 1812 pensabat
713 1726 785 1803 iter,
808 1725 1000 1811 propiusque
1015 1724 1140 1790 secabat

330 1839 480 1915 AEthera‚
497 1838 523 1901 si
538 1837 660 1902 medias
675 1837 816 1923 Europae
831 1836 987 1902 scinderet
1001 1835 1116 1914 urbes3

329 1943 435 2010 Pallas
449 1940 614 2032 frugiferas
622 1941 715 2028 jussit
729 1964 796 2006 non
807 1942 922 2007 loedere
937 1953 1046 2019 terras,
1165 2004 1166 2012 ,

330 2049 373 2113 Et
387 2046 475 2134 parci
490 2045 626 2132 populis.
650 2046 720 2133 quis
732 2047 818 2112 enim
831 2068 897 2110 non
909 2057 1049 2138 praepete
1063 2054 1153 2109 tanto

329 2153 465 2220 AEthera
480 2150 675 2238 respiceret?
699 2152 848 2239 Zephyro
863 2151 1056 2218 convertitur
1071 2149 1144 2228 alas,

241 2268 305 2327 690
328 2262 421 2347 Itque
437 2281 532 2346 super
547 2258 684 2346 Libyen,
702 2279 783 2346 quae,
800 2258 888 2324 nullo
903 2257 1024 2323 consita
1038 2255 1134 2334 cultu,

330 2365 506 2443 Sideribus,
524 2362 711 2450 Phoeboque
726 2375 832 2428 vacat:
859 2362 975 2448 premit
985 2362 1089 2426 orbita
1103 2359 1187 2448 solis,

330 2471 510 2557 Exuritque
524 2469 646 2535 solum:
663 2491 722 2535 nec
736 2481 821 2537 terra
836 2469 946 2534 celsior
961 2468 1023 2534 ulla

328 2575 407 2641 Nox
423 2573 508 2640 cadit
523 2575 557 2638 in
572 2573 700 2654 coelum,
716 2573 863 2660 lunaeque
873 2573 1028 2638 meatibus
1046 2572 1162 2649 obstat,

329 2681 364 2747 Si
378 2680 479 2746 flexus
495 2678 598 2744 oblita
608 2679 681 2768 vagi
695 2701 753 2765 per
767 2687 854 2743 recta
868 2678 1030 2744 concurrit
1055 2715 1058 2722 ·

240 2791 302 2850 695
327 2785 436 2874 Signa,
446 2785 554 2850 necin
571 2783 709 2863 Borean,
726 2783 829 2848 autin
845 2781 956 2848 Noton
970 2781 1081 2868 effugit
1094 2779 1256 2844 umbram.

327 2891 387 2957 Illa
402 2903 509 2956 tamen
523 2889 636 2955 sterilis
650 2889 755 2968 tellus,
770 2888 970 2976 fecundaque
982 2885 1064 2952 nulli

326 2997 415 3062 Arva
428 2996 527 3074 bono,
541 2995 627 3059 virus
642 2994 789 3060 stillantis
800 2994 874 3060 tabe
886 2991 1033 3059 Medusae

324 3102 531 3187 ,Concipiunt
548 3098 697 3187 dirosque
711 3099 779 3165 iero
793 3097 836 3164 de
850 3099 1004 3187 sanguine
1020 3117 1120 3174 rores,

324 3208 416 3286 Quos
431 3205 517 3271 calor
529 3205 659 3292 adjuvit,
676 3206 825 3293 putrique
839 3205 962 3270 incoxit
976 3224 1093 3270 arente.

237 3316 255 3379 7
260 3321 301 3378 00
369 3313 449 3390 Hic,
466 3333 538 3397 quae
552 3310 657 3396 prima
672 3323 769 3397 caput
782 3312 882 3376 movit
896 3310 938 3376 de
951 3309 1081 3397 pulvere
1096 3305 1194 3384 tabes,

223 3438 228 3445 ·
324 3416 448 3503 Aspida
462 3415 665 3482 somniferam
681 3417 804 3483 tumide
819 3416 941 3482 cervice
955 3413 1077 3480 levavit.

325 3523 454 3589 Plenior
468 3522 544 3587 huic
559 3523 696 3612 sanguis,
715 3535 747 3588 et
761 3521 857 3588 crassi
871 3531 963 3612 gutta
976 3518 1089 3585 veneni

141 3648 145 3660 ·
224 3652 232 3656 ·
250 3671 252 3674 -
324 3629 472 3696 Decidit:
494 3629 529 3692 in
543 3627 632 3694 nulla
646 3628 718 3714 plus
732 3641 779 3694 est
794 3637 939 3714 serpente
953 3636 1107 3692 coactum.

328 3737 403 3824 Ipsa
413 3734 526 3808 caloris
540 3755 639 3822 egens
653 3734 793 3824 gelidum
807 3755 873 3798 non
888 3731 1001 3799 transit
1014 3731 1047 3794 in
1063 3727 1173 3794 orbem

243 3931 701 3981 Uttenersuostrtsesdmtevolatthussurs.
802 3926 1289 3978 Fsmerurmtorremmedioscoulactttutgner.

249 4045 306 4092 675.
313 4066 380 4080 -
391 4041 528 4103 Destruque
538 4045 650 4086 tremente
800 4033 841 4081 xii.
854 4039 910 4084 606.
928 4029 1019 4093 Apollo
1037 4026 1131 4077 Paridis

315 4124 411 4170 Perseos
439 4121 516 4168 comat
540 4117 663 4180 (blisaldo
687 4115 788 4178 dirigas
830 4125 1272 4182 muereufmffirexstsprcuhuexm.

216 4197 338 4263 Hurpem]
353 4195 425 4246 Ovid.
444 4195 507 4246 Met.
516 4210 538 4244 v.
552 4197 606 4244 176.

240 4315 329 4358 Brachia
337 4312 456 4353 tendentem
464 4309 743 4362 Quenluecourodttnarpe.
800 4309 873 4376 com]
891 4308 962 4366 ovid,
974 4308 1036 4357 Met,
1052 4321 1074 4354 v.
1086 4309 1142 4354 940,

214 4429 239 4470 a
247 4416 295 4468 viii.
303 4419 359 4468 ⁵11.
645 4399 650 4412 ’
825 4415 1321 4472 rmaorunraumpenerrumumm.

237 4556 308 4571 ..-
317 4534 674 4585 mutuameavmmenu
834 4517 891 4566 678.
911 4539 979 4555 --
999 4513 1097 4566 Lucrati
1118 4511 1216 4561 aalma
1225 4503 1308 4574 serra]
1323 4501 1365 4554 tu

835 4236 893 4282 677.
911 4234 976 4281 Loto
987 4227 1123 4293 colubriferi
1133 4240 1246 4289 rumpens
1258 4224 1366 4290 σοφία
1484 4277 1485 4286 ¹
