2900 4902
222 335 297 410 206
488 325 548 410 M·
589 321 796 400 ANNAEI
837 323 1067 408 LUCANI

334 539 411 606 Hoc
419 537 569 624 petimus,
584 536 683 602 victos
695 557 737 602 ue
756 546 860 603 tecum
874 537 999 608 vincere
1014 563 1122 632 coges.
1182 559 1185 566 '

374 641 524 708 Dixerat:
539 639 694 706 Arsanus
710 639 828 720 Coeaer,
840 642 989 731 vultuque
1003 669 1129 718 serenus

333 745 492 818 Flectitur,
508 757 602 833 atque
615 767 706 812 usum
722 744 805 826 belli,
815 769 1006 837 poenamque
1019 754 1159 824 remittit.

245 858 308 918 sot
332 852 380 918 Ut
393 853 532 940 primum
541 852 636 939 justae
649 851 835 939 placuerunt
849 853 968 922 soedero
982 859 1080 942 pacis,

330 956 542 1025 Incustoditos
556 956 696 1025 decurrit
708 957 797 1024 miles
810 957 851 1024 ed
866 981 986 1038 emnem

330 1061 490 1129 Incumbit
505 1061 592 1149 ripis,
603 1063 816 1151 permissaque
829 1063 960 1132 fluruine
974 1067 1093 1136 tubat.

329 1165 510 1234 Continuus
523 1166 630 1236 multis
644 1167 818 1237 subitarum
832 1181 950 1242 tractm
964 1193 1117 1260 equorum

327 1281 414 1348 A'e‘ra
428 1301 494 1346 uon
508 1303 616 1368 passus
630 1282 736 1348 vacuis
750 1281 925 1349 discurrere
940 1285 1037 1364 renis,

242 1385 307 1450 870
329 1383 484 1463 Arctemt,
499 1384 672 1472 clausitque
687 1387 837 1452 atumemt
852 1388 1044 1464 uecier'vids
1057 1393 1153 1476 pestis

329 1489 424 1556 Cedit
437 1488 558 1570 adhuce
573 1489 628 1556 aed
642 1491 773 1558 morbus
786 1493 955 1582 egensjam
969 1494 1094 1584 gurgite
1107 1496 1208 1583 plenis

325 1600 508 1668 Visceribus
521 1601 579 1668 sibi
593 1604 695 1688 poscit
709 1625 814 1690 eques.
837 1624 914 1670 mox
929 1603 1047 1672 robore
1058 1609 1172 1687 nervis,

181 1723 183 1732 ’
327 1705 371 1772 Et
385 1707 466 1773 vires
480 1707 602 1773 rediere
615 1707 699 1772 viris.
745 1708 929 1799 Oprodiga
942 1733 1049 1778 rerum

92 1813 94 1822 “
234 1861 242 1865 -
324 1809 492 1889 Luxuries,
507 1833 672 1899 nunquam
685 1835 784 1899 parvo
798 1827 945 1882 contente
959 1831 1083 1903 paratu,

239 1918 304 1983 375
328 1917 373 1984 Et
387 1921 591 2007 quceaitorum
606 1932 700 2001 terre,
715 1922 892 2011 pelagoque
905 1923 1050 1992 ciborum

327 2024 506 2092 Ambitiosa
519 2025 627 2104 semes,
642 2037 674 2092 et
689 2027 784 2094 lsutae
797 2027 899 2116 glorie
913 2049 1041 2108 mensae,
1065 2021 1068 2030 ’

326 2128 461 2209 Discite,
479 2153 575 2218 quam
589 2151 689 2218 parvo
702 2131 796 2199 boeot
809 2131 985 2218 producere
999 2135 1109 2214 dmm,
1171 2199 1173 2204 .

327 2233 372 2302 Et
386 2248 540 2324 quantum
551 2243 775 2324 natura'petet
796 2229 863 2303 rr‘on
878 2239 970 2328 erigit
984 2261 1087 2328 aegroa

326 2338 452 2408 Nobilis
465 2343 574 2430 ignoto
585 2341 716 2412 diffusus
730 2343 859 2409 consule
874 2343 1030 2410 Bacchus:

239 2451 304 2510 380
326 2443 403 2511 Non
418 2469 508 2526 auro,
524 2447 717 2533 murrhaque
730 2447 857 2512 bibuntt
873 2446 927 2512 sed
941 2447 1067 2536 gurgite
1080 2469 1164 2533 puro

322 2548 395 2614 Vite
409 2551 501 2616 redit.
517 2552 590 2616 satis
604 2563 650 2616 est
660 2551 785 2636 populis
799 2550 972 2638 fluviusque
988 2551 1156 2638 Ceresque,
1188 2623 1191 2628 ,

180 2741 183 2750 Ι
279 2731 284 2757 ¹
326 2655 407 2724 Heu
420 2655 537 2736 miseri,
553 2658 608 2744 qni
620 2655 704 2722 bella
719 2670 845 2746 gerunt.
891 2657 985 2723 Tunc
999 2680 1088 2725 erma
1101 2657 1278 2748 relinquens

215 2753 218 2762 ¹
326 2761 553 2830 Viatorimiles
564 2761 697 2848 spoliato
711 2772 838 2848 pectore
853 2773 951 2840 tutus,

327 2869 549 2956 Innocuusque
563 2891 633 2934 sues
647 2887 794 2934 curarum
809 2867 887 2934 liber
901 2867 936 2935 in
950 2865 1043 2932 urbes

239 2981 302 3040 385
327 2974 504 3062 Spargitur.
527 2995 547 3036 o
562 2984 716 3062 quantum
730 2971 847 3037 donate
861 2994 940 3058 pace
953 2971 1070 3057 potitos

329 3078 479 3144 Excussis
493 3098 634 3165 unquam
648 3075 766 3142 ferrum
781 3076 916 3142 vibrasse
929 3075 1054 3142 lacertis

209 3221 214 3228 ·
329 3182 495 3262 Poenituit,
511 3180 658 3248 tolerasse
673 3183 768 3262 sitim,
785 3181 961 3268 frustraque
973 3202 1100 3269 rogasse

326 3295 484 3384 Prospere
496 3295 579 3363 bellu
594 3296 678 3362 deos.
694 3317 809 3382 nempe
823 3295 885 3360 usis
899 3305 1000 3360 marte
1010 3289 1150 3360 secundo

211 3453 215 3460 .
327 3400 394 3467 Tot
407 3401 513 3468 dubiae
527 3413 645 3468 restant
659 3402 751 3480 acies,
765 3412 814 3465 tot
826 3400 860 3464 iu
875 3399 952 3465 orbe
965 3397 1099 3463 luboresr

237 3514 301 3573 390
324 3505 373 3574 Ut
386 3529 550 3596 nunquam
564 3507 691 3574 fortune
704 3505 789 3572 labet
803 3504 993 3572 successibus
1007 3523 1131 3588 anceps,

322 3613 524 3680 Vincendum
535 3612 639 3678 toties:
654 3624 753 3677 terras
766 3609 944 3677 fimdendus
958 3609 993 3674 in
1007 3607 1128 3673 omneis

323 3717 384 3786 Est
396 3739 503 3798 cruor,
517 3729 550 3784 et
561 3718 670 3784 Caesar
683 3739 741 3803 per
755 3727 802 3784 tot
817 3739 873 3784 sua
886 3713 950 3782 iata
964 3712 1151 3802 sequendus.

214 3914 326 3966 adadun·
340 3912 386 3962 sibi
393 3911 477 3962 omnia
487 3909 609 3968 dedecora,
620 3912 652 3960 ob
662 3909 756 3959 snitu·
799 3909 848 3959 tina
858 3909 915 3959 MS.
926 3921 999 3972 quam
1005 3921 1087 3971 ponor·
1104 3902 1229 3956 h'bmit
1236 3901 1289 3953 illu
1296 3899 1340 3950 lot·

214 3989 373 4041 vocatiouem
690 4003 698 4016 ·
799 3997 860 4038 tuns
875 3989 906 4038 sb
926 3985 1092 4036 unammiter
1102 3981 1220 4040 molestis,
1241 3980 1338 4046 pardum

246 4074 304 4121 ³97.
318 4069 354 4118 Er
369 4083 415 4118 non
430 4069 539 4117 deductor
554 4067 639 4132 recipit
648 4081 691 4116 suu
703 4073 766 4116 tero
799 4065 886 4116 studio.
918 4065 1075 4129 Utercunqus
1084 4060 1174 4119 vicerit,
1185 4055 1339 4112 imcutit&

213 4145 324 4214 solmon]
342 4145 480 4211 Antequam
497 4143 685 4194 deducerentur:
703 4141 769 4208 quod
800 4145 868 4195 alteri
881 4143 942 4208 parti
952 4145 984 4194 ob
996 4143 1178 4194 flammantum
1188 4147 1262 4197 vetra
1277 4131 1339 4188 elteri

213 4222 432 4288 douooutingebst,
448 4222 496 4272 nial
510 4219 767 4272 cumulamictorl·
797 4220 1074 4274 obmeusbeuedcium
1082 4217 1256 4270 bemrdeutea
1282 4213 1341 4264 oao-

212 4303 266 4361 tm
300 4303 406 4355 Grotius
799 4301 854 4352 tius.

245 4393 304 4442 ³99.
315 4412 381 4432 -·-
393 4381 765 4451 MahdjbucrrlItorea·
828 4383 885 4434 403.
899 4371 1339 4444 -lapsrtusttqstaedcm
