<?xml version="1.0" encoding="UTF-8"?>
<!DOCTYPE html PUBLIC "-//W3C//DTD XHTML 1.0 Transitional//EN"
    "http://www.w3.org/TR/xhtml1/DTD/xhtml1-transitional.dtd">
<html xmlns="http://www.w3.org/1999/xhtml" xml:lang="en" lang="en">
 <head>
  <title>
</title>
<meta http-equiv="Content-Type" content="text/html;charset=utf-8" />
  <meta name='ocr-system' content='tesseract 3.04.00' />
  <meta name='ocr-capabilities' content='ocr_page ocr_carea ocr_par ocr_line ocrx_word'/>
</head>
<body>
  <div class='ocr_page' id='page_1' title='image "./mannaeilucaniph00ginggoog_0338.png"; bbox 0 0 2924 4986; ppageno 0'>
   <div class='ocr_carea' id='block_1_1' title="bbox 265 253 1285 388">
    <p class='ocr_par' dir='ltr' id='par_1_1' title="bbox 265 253 1285 388">
     <span class='ocr_line' id='line_1_1' title="bbox 265 253 1285 388; baseline -0.007 -28"><span class='ocrx_word' id='word_1_1' title='bbox 265 354 303 388; x_wconf 70' lang='lat'><strong><em>„</em></strong></span> <span class='ocrx_word' id='word_1_2' title='bbox 417 280 780 360; x_wconf 75' lang='lat' dir='ltr'><strong>PHARSALIAE</strong></span> <span class='ocrx_word' id='word_1_3' title='bbox 814 253 1040 358; x_wconf 58' lang='lat' dir='ltr'>uraan.</span> <span class='ocrx_word' id='word_1_4' title='bbox 1204 285 1285 370; x_wconf 68' lang='lat' dir='ltr'>ese</span> 
     </span>
    </p>
   </div>
   <div class='ocr_carea' id='block_1_2' title="bbox 91 481 1251 3702">
    <p class='ocr_par' dir='ltr' id='par_1_2' title="bbox 91 481 1251 3702">
     <span class='ocr_line' id='line_1_2' title="bbox 234 481 1244 583; baseline -0.008 -19"><span class='ocrx_word' id='word_1_5' title='bbox 234 521 239 531; x_wconf 76' lang='lat'><strong><em>¹</em></strong></span> <span class='ocrx_word' id='word_1_6' title='bbox 261 495 411 564; x_wconf 85' lang='lat' dir='ltr'>Volverer</span> <span class='ocrx_word' id='word_1_7' title='bbox 424 507 498 566; x_wconf 87' lang='lat' dir='ltr'>ante</span> <span class='ocrx_word' id='word_1_8' title='bbox 510 495 614 581; x_wconf 83' lang='lat' dir='ltr'>podes.</span> <span class='ocrx_word' id='word_1_9' title='bbox 661 493 812 583; x_wconf 79' lang='lat' dir='ltr'>Magnus,</span> <span class='ocrx_word' id='word_1_10' title='bbox 822 495 883 560; x_wconf 83' lang='lat' dir='ltr'>nisi</span> <span class='ocrx_word' id='word_1_11' title='bbox 897 481 1030 570; x_wconf 87' lang='lat' dir='ltr'>vincitis,</span> <span class='ocrx_word' id='word_1_12' title='bbox 1042 491 1128 571; x_wconf 83' lang='lat' dir='ltr'>exul,</span> <span class='ocrx_word' id='word_1_13' title='bbox 1155 489 1157 494; x_wconf 79' lang='grc'><strong>’</strong></span> <span class='ocrx_word' id='word_1_14' title='bbox 1210 554 1217 566; x_wconf 75' lang='grc'><strong>,</strong></span> <span class='ocrx_word' id='word_1_15' title='bbox 1231 513 1244 567; x_wconf 66' lang='grc' dir='ltr'>ε.</span> 
     </span>
     <span class='ocr_line' id='line_1_3' title="bbox 175 597 1251 685; baseline -0.006 -19"><span class='ocrx_word' id='word_1_16' title='bbox 175 610 240 667; x_wconf 81' lang='grc'>380</span> <span class='ocrx_word' id='word_1_17' title='bbox 263 602 452 668; x_wconf 83' lang='lat' dir='ltr'><strong>Ludibrium</strong></span> <span class='ocrx_word' id='word_1_18' title='bbox 467 600 576 678; x_wconf 77' lang='lat' dir='ltr'>soceri,</span> <span class='ocrx_word' id='word_1_19' title='bbox 594 611 694 668; x_wconf 86' lang='lat' dir='ltr'>vester</span> <span class='ocrx_word' id='word_1_20' title='bbox 707 599 824 685; x_wconf 85' lang='lat' dir='ltr'>pudor,</span> <span class='ocrx_word' id='word_1_21' title='bbox 839 598 950 667; x_wconf 82' lang='lat' dir='ltr'>ultima</span> <span class='ocrx_word' id='word_1_22' title='bbox 962 598 1028 664; x_wconf 79' lang='lat' dir='ltr'>fata</span> <span class='ocrx_word' id='word_1_23' title='bbox 1123 659 1125 662; x_wconf 84' lang='grc'><strong>,</strong></span> <span class='ocrx_word' id='word_1_24' title='bbox 1166 615 1186 642; x_wconf 52' lang='lat'>*¹</span> <span class='ocrx_word' id='word_1_25' title='bbox 1249 597 1251 602; x_wconf 79' lang='grc'><strong>’</strong></span> 
     </span>
     <span class='ocr_line' id='line_1_4' title="bbox 157 705 1030 793; baseline 0 -21"><span class='ocrx_word' id='word_1_26' title='bbox 157 779 166 793; x_wconf 26' lang='grc' dir='ltr'>ἱ</span> <span class='ocrx_word' id='word_1_27' title='bbox 261 707 435 792; x_wconf 85' lang='lat' dir='ltr'><strong>Deprecor,</strong></span> <span class='ocrx_word' id='word_1_28' title='bbox 451 729 489 770; x_wconf 91' lang='lat' dir='ltr'>ac</span> <span class='ocrx_word' id='word_1_29' title='bbox 503 718 610 790; x_wconf 81' lang='lat' dir='ltr'>turpes</span> <span class='ocrx_word' id='word_1_30' title='bbox 624 706 757 772; x_wconf 82' lang='lat' dir='ltr'>extremi</span> <span class='ocrx_word' id='word_1_31' title='bbox 770 705 906 772; x_wconf 87' lang='lat' dir='ltr'>cardinis</span> <span class='ocrx_word' id='word_1_32' title='bbox 919 725 1030 781; x_wconf 82' lang='lat' dir='ltr'>anuos,</span> 
     </span>
     <span class='ocr_line' id='line_1_5' title="bbox 260 806 1065 900; baseline -0.007 -25"><span class='ocrx_word' id='word_1_33' title='bbox 260 809 311 876; x_wconf 87' lang='lat' dir='ltr'>Ne</span> <span class='ocrx_word' id='word_1_34' title='bbox 323 811 444 887; x_wconf 78' lang='lat' dir='ltr'>discam</span> <span class='ocrx_word' id='word_1_35' title='bbox 459 810 575 874; x_wconf 89' lang='lat' dir='ltr'>servire</span> <span class='ocrx_word' id='word_1_36' title='bbox 588 830 693 874; x_wconf 83' lang='lat' dir='ltr'>senex.</span> <span class='ocrx_word' id='word_1_37' title='bbox 739 809 821 872; x_wconf 88' lang='lat' dir='ltr'>Tam</span> <span class='ocrx_word' id='word_1_38' title='bbox 830 819 947 880; x_wconf 72' lang='lat' dir='ltr'>ulmam</span> <span class='ocrx_word' id='word_1_39' title='bbox 956 806 1065 900; x_wconf 86' lang='lat' dir='ltr'>locuti</span> 
     </span>
     <span class='ocr_line' id='line_1_6' title="bbox 256 913 1079 1002; baseline -0.007 -24"><span class='ocrx_word' id='word_1_40' title='bbox 256 915 345 978; x_wconf 88' lang='lat' dir='ltr'><strong>Voce</strong></span> <span class='ocrx_word' id='word_1_41' title='bbox 358 913 447 980; x_wconf 86' lang='lat' dir='ltr'>ducis</span> <span class='ocrx_word' id='word_1_42' title='bbox 460 913 596 1002; x_wconf 75' lang='lat' dir='ltr'>flagrant</span> <span class='ocrx_word' id='word_1_43' title='bbox 610 913 717 990; x_wconf 86' lang='lat' dir='ltr'>animi,</span> <span class='ocrx_word' id='word_1_44' title='bbox 735 913 943 999; x_wconf 82' lang='lat' dir='ltr'>Romanaque</span> <span class='ocrx_word' id='word_1_45' title='bbox 957 913 1055 976; x_wconf 87' lang='lat' dir='ltr'>virtus</span> <span class='ocrx_word' id='word_1_46' title='bbox 1076 965 1079 971; x_wconf 92' lang='grc'><em>,</em></span> 
     </span>
     <span class='ocr_line' id='line_1_7' title="bbox 260 1017 992 1106; baseline 0 -24"><span class='ocrx_word' id='word_1_47' title='bbox 260 1017 413 1106; x_wconf 79' lang='lat' dir='ltr'>Erigitur,</span> <span class='ocrx_word' id='word_1_48' title='bbox 429 1018 609 1105; x_wconf 75' lang='lat' dir='ltr'>placuitque</span> <span class='ocrx_word' id='word_1_49' title='bbox 622 1019 715 1096; x_wconf 88' lang='lat' dir='ltr'>mori,</span> <span class='ocrx_word' id='word_1_50' title='bbox 730 1018 757 1083; x_wconf 86' lang='lat' dir='ltr'>si</span> <span class='ocrx_word' id='word_1_51' title='bbox 772 1041 846 1084; x_wconf 87' lang='lat' dir='ltr'>vera</span> <span class='ocrx_word' id='word_1_52' title='bbox 860 1020 992 1084; x_wconf 88' lang='lat' dir='ltr'>timeret</span> 
     </span>
     <span class='ocr_line' id='line_1_8' title="bbox 173 1109 1092 1210; baseline 0 -26"><span class='ocrx_word' id='word_1_53' title='bbox 173 1127 238 1184; x_wconf 76' lang='lat'>385</span> <span class='ocrx_word' id='word_1_54' title='bbox 303 1121 391 1210; x_wconf 86' lang='lat' dir='ltr'>Ergo</span> <span class='ocrx_word' id='word_1_55' title='bbox 405 1123 555 1209; x_wconf 83' lang='lat' dir='ltr'>utrinque</span> <span class='ocrx_word' id='word_1_56' title='bbox 567 1124 636 1208; x_wconf 87' lang='lat' dir='ltr'>pari</span> <span class='ocrx_word' id='word_1_57' title='bbox 649 1134 843 1189; x_wconf 84' lang='lat' dir='ltr'>concurrunt</span> <span class='ocrx_word' id='word_1_58' title='bbox 857 1109 989 1210; x_wconf 85' lang='lat' dir='ltr'>agmina</span> <span class='ocrx_word' id='word_1_59' title='bbox 1001 1130 1092 1186; x_wconf 86' lang='lat' dir='ltr'>motu</span> 
     </span>
     <span class='ocr_line' id='line_1_9' title="bbox 165 1226 1028 1316; baseline -0.008 -23"><span class='ocrx_word' id='word_1_60' title='bbox 165 1245 171 1254; x_wconf 90' lang='lat'>·</span> <span class='ocrx_word' id='word_1_61' title='bbox 258 1226 402 1293; x_wconf 86' lang='lat' dir='ltr'>Irarum:</span> <span class='ocrx_word' id='word_1_62' title='bbox 425 1240 526 1308; x_wconf 80' lang='lat' dir='ltr'>metus</span> <span class='ocrx_word' id='word_1_63' title='bbox 540 1228 598 1294; x_wconf 84' lang='lat' dir='ltr'>hos</span> <span class='ocrx_word' id='word_1_64' title='bbox 612 1229 712 1316; x_wconf 75' lang='lat' dir='ltr'>regni,</span> <span class='ocrx_word' id='word_1_65' title='bbox 736 1249 805 1315; x_wconf 86' lang='lat' dir='ltr'>spes</span> <span class='ocrx_word' id='word_1_66' title='bbox 820 1228 937 1292; x_wconf 84' lang='lat' dir='ltr'>exultat</span> <span class='ocrx_word' id='word_1_67' title='bbox 950 1227 1028 1294; x_wconf 90' lang='lat' dir='ltr'>illos.</span> 
     </span>
     <span class='ocr_line' id='line_1_10' title="bbox 176 1313 1084 1417; baseline 0.002 -23"><span class='ocrx_word' id='word_1_68' title='bbox 176 1313 181 1324; x_wconf 30' lang='lat'>⁸</span> <span class='ocrx_word' id='word_1_69' title='bbox 258 1329 326 1395; x_wconf 82' lang='lat' dir='ltr'>Hae</span> <span class='ocrx_word' id='word_1_70' title='bbox 340 1330 455 1396; x_wconf 86' lang='lat' dir='ltr'>facient</span> <span class='ocrx_word' id='word_1_71' title='bbox 469 1333 601 1410; x_wconf 82' lang='lat' dir='ltr'>dextroe,</span> <span class='ocrx_word' id='word_1_72' title='bbox 624 1332 776 1417; x_wconf 84' lang='lat' dir='ltr'>quiequid</span> <span class='ocrx_word' id='word_1_73' title='bbox 790 1329 855 1400; x_wconf 85' lang='lat' dir='ltr'>uon</span> <span class='ocrx_word' id='word_1_74' title='bbox 870 1331 994 1417; x_wconf 83' lang='lat' dir='ltr'>expleat</span> <span class='ocrx_word' id='word_1_75' title='bbox 1008 1342 1084 1398; x_wconf 85' lang='lat' dir='ltr'>aetas</span> 
     </span>
     <span class='ocr_line' id='line_1_11' title="bbox 165 1421 1141 1523; baseline -0.001 -24"><span class='ocrx_word' id='word_1_76' title='bbox 165 1421 168 1426; x_wconf 47' lang='grc'>’</span> <span class='ocrx_word' id='word_1_77' title='bbox 257 1432 344 1512; x_wconf 86' lang='lat' dir='ltr'>Ulla,</span> <span class='ocrx_word' id='word_1_78' title='bbox 367 1455 427 1500; x_wconf 89' lang='lat' dir='ltr'>neo</span> <span class='ocrx_word' id='word_1_79' title='bbox 441 1435 615 1502; x_wconf 87' lang='lat' dir='ltr'>humanum</span> <span class='ocrx_word' id='word_1_80' title='bbox 630 1448 754 1520; x_wconf 83' lang='lat' dir='ltr'>reparet</span> <span class='ocrx_word' id='word_1_81' title='bbox 767 1458 866 1523; x_wconf 82' lang='lat' dir='ltr'>genus</span> <span class='ocrx_word' id='word_1_82' title='bbox 881 1435 1027 1502; x_wconf 85' lang='lat' dir='ltr'>omnibus</span> <span class='ocrx_word' id='word_1_83' title='bbox 1041 1432 1141 1510; x_wconf 88' lang='lat' dir='ltr'>aunis,</span> 
     </span>
     <span class='ocr_line' id='line_1_12' title="bbox 258 1535 993 1629; baseline 0.004 -26"><span class='ocrx_word' id='word_1_84' title='bbox 258 1535 307 1603; x_wconf 89' lang='lat' dir='ltr'>Ut</span> <span class='ocrx_word' id='word_1_85' title='bbox 320 1551 410 1604; x_wconf 87' lang='lat' dir='ltr'>vacet</span> <span class='ocrx_word' id='word_1_86' title='bbox 423 1564 443 1604; x_wconf 87' lang='lat' dir='ltr'>a</span> <span class='ocrx_word' id='word_1_87' title='bbox 457 1540 549 1604; x_wconf 85' lang='lat' dir='ltr'>ferro.</span> <span class='ocrx_word' id='word_1_88' title='bbox 579 1553 689 1629; x_wconf 80' lang='lat' dir='ltr'>gentes</span> <span class='ocrx_word' id='word_1_89' title='bbox 703 1563 787 1607; x_wconf 86' lang='lat' dir='ltr'>mars</span> <span class='ocrx_word' id='word_1_90' title='bbox 801 1542 859 1608; x_wconf 84' lang='lat' dir='ltr'>iste</span> <span class='ocrx_word' id='word_1_91' title='bbox 869 1540 993 1606; x_wconf 49' lang='lat' dir='ltr'>*futuras</span> 
     </span>
     <span class='ocr_line' id='line_1_13' title="bbox 168 1641 1006 1730; baseline 0.005 -24"><span class='ocrx_word' id='word_1_92' title='bbox 168 1648 235 1707; x_wconf 73' lang='lat'>390</span> <span class='ocrx_word' id='word_1_93' title='bbox 257 1641 390 1722; x_wconf 84' lang='lat' dir='ltr'>Obruet,</span> <span class='ocrx_word' id='word_1_94' title='bbox 414 1655 446 1712; x_wconf 88' lang='lat' dir='ltr'>et</span> <span class='ocrx_word' id='word_1_95' title='bbox 459 1645 593 1730; x_wconf 77' lang='lat' dir='ltr'>populos</span> <span class='ocrx_word' id='word_1_96' title='bbox 606 1646 668 1712; x_wconf 87' lang='lat' dir='ltr'>aevi</span> <span class='ocrx_word' id='word_1_97' title='bbox 682 1646 833 1714; x_wconf 86' lang='lat' dir='ltr'>venientis</span> <span class='ocrx_word' id='word_1_98' title='bbox 848 1647 880 1710; x_wconf 90' lang='lat' dir='ltr'>iu</span> <span class='ocrx_word' id='word_1_99' title='bbox 896 1645 1006 1710; x_wconf 90' lang='lat' dir='ltr'>orbem</span> 
     </span>
     <span class='ocr_line' id='line_1_14' title="bbox 257 1745 980 1832; baseline 0.006 -22"><span class='ocrx_word' id='word_1_100' title='bbox 257 1745 378 1832; x_wconf 86' lang='lat' dir='ltr'><strong>Erepto</strong></span> <span class='ocrx_word' id='word_1_101' title='bbox 391 1748 495 1815; x_wconf 81' lang='lat' dir='ltr'>natale</span> <span class='ocrx_word' id='word_1_102' title='bbox 509 1748 597 1824; x_wconf 84' lang='lat' dir='ltr'>feret.</span> <span class='ocrx_word' id='word_1_103' title='bbox 624 1764 701 1816; x_wconf 87' lang='lat' dir='ltr'>tuuc</span> <span class='ocrx_word' id='word_1_104' title='bbox 716 1769 811 1817; x_wconf 86' lang='lat' dir='ltr'>omne</span> <span class='ocrx_word' id='word_1_105' title='bbox 826 1750 980 1816; x_wconf 87' lang='lat' dir='ltr'>Latinum</span> 
     </span>
     <span class='ocr_line' id='line_1_15' title="bbox 256 1851 1160 1942; baseline -0.002 -24"><span class='ocrx_word' id='word_1_106' title='bbox 256 1851 377 1918; x_wconf 85' lang='lat' dir='ltr'>Fabula</span> <span class='ocrx_word' id='word_1_107' title='bbox 389 1876 508 1920; x_wconf 89' lang='lat' dir='ltr'>nomen</span> <span class='ocrx_word' id='word_1_108' title='bbox 524 1857 595 1922; x_wconf 84' lang='lat' dir='ltr'>erit:</span> <span class='ocrx_word' id='word_1_109' title='bbox 621 1857 754 1934; x_wconf 85' lang='lat' dir='ltr'>Gabios,</span> <span class='ocrx_word' id='word_1_110' title='bbox 773 1855 939 1942; x_wconf 78' lang='lat' dir='ltr'>Veiosque,</span> <span class='ocrx_word' id='word_1_111' title='bbox 958 1854 1160 1940; x_wconf 75' lang='lat' dir='ltr'>Coramque·</span> 
     </span>
     <span class='ocr_line' id='line_1_16' title="bbox 256 1956 1043 2045; baseline 0.005 -23"><span class='ocrx_word' id='word_1_112' title='bbox 256 1956 389 2024; x_wconf 85' lang='lat' dir='ltr'>Pulvere</span> <span class='ocrx_word' id='word_1_113' title='bbox 403 1961 458 2024; x_wconf 83' lang='lat' dir='ltr'>vix</span> <span class='ocrx_word' id='word_1_114' title='bbox 472 1973 564 2026; x_wconf 80' lang='lat' dir='ltr'>tectae</span> <span class='ocrx_word' id='word_1_115' title='bbox 577 1973 728 2045; x_wconf 88' lang='lat' dir='ltr'>poterunt</span> <span class='ocrx_word' id='word_1_116' title='bbox 742 1975 917 2026; x_wconf 86' lang='lat' dir='ltr'>monstrare</span> <span class='ocrx_word' id='word_1_117' title='bbox 932 1961 1043 2037; x_wconf 79' lang='lat' dir='ltr'>rrrinae,</span> 
     </span>
     <span class='ocr_line' id='line_1_17' title="bbox 257 2059 1005 2148; baseline 0.003 -24"><span class='ocrx_word' id='word_1_118' title='bbox 257 2059 461 2146; x_wconf 89' lang='lat' dir='ltr'>Albanosque</span> <span class='ocrx_word' id='word_1_119' title='bbox 475 2062 565 2140; x_wconf 87' lang='lat' dir='ltr'>laras,</span> <span class='ocrx_word' id='word_1_120' title='bbox 590 2063 863 2148; x_wconf 74' lang='lat' dir='ltr'>Laurentinosque</span> <span class='ocrx_word' id='word_1_121' title='bbox 876 2073 1005 2147; x_wconf 90' lang='lat' dir='ltr'>penates</span> 
     </span>
     <span class='ocr_line' id='line_1_18' title="bbox 166 2163 1110 2251; baseline 0 -21"><span class='ocrx_word' id='word_1_122' title='bbox 166 2169 230 2230; x_wconf 75' lang='lat'>395</span> <span class='ocrx_word' id='word_1_123' title='bbox 254 2163 323 2228; x_wconf 91' lang='lat' dir='ltr'>Rus</span> <span class='ocrx_word' id='word_1_124' title='bbox 337 2187 483 2244; x_wconf 87' lang='lat' dir='ltr'>vacuum,</span> <span class='ocrx_word' id='word_1_125' title='bbox 506 2166 593 2251; x_wconf 90' lang='lat' dir='ltr'>quod</span> <span class='ocrx_word' id='word_1_126' title='bbox 606 2188 671 2232; x_wconf 92' lang='lat' dir='ltr'>non</span> <span class='ocrx_word' id='word_1_127' title='bbox 686 2166 807 2233; x_wconf 88' lang='lat' dir='ltr'>habitet</span> <span class='ocrx_word' id='word_1_128' title='bbox 821 2167 882 2230; x_wconf 88' lang='lat' dir='ltr'>nisi</span> <span class='ocrx_word' id='word_1_129' title='bbox 893 2177 986 2232; x_wconf 91' lang='lat' dir='ltr'>nocte</span> <span class='ocrx_word' id='word_1_130' title='bbox 1001 2174 1110 2230; x_wconf 84' lang='lat' dir='ltr'>coacta</span> 
     </span>
     <span class='ocr_line' id='line_1_19' title="bbox 254 2267 1064 2357; baseline -0.004 -23"><span class='ocrx_word' id='word_1_131' title='bbox 254 2267 387 2348; x_wconf 90' lang='lat' dir='ltr'>Invitus,</span> <span class='ocrx_word' id='word_1_132' title='bbox 410 2281 597 2357; x_wconf 84' lang='lat' dir='ltr'>questusque</span> <span class='ocrx_word' id='word_1_133' title='bbox 613 2269 753 2340; x_wconf 80' lang='lat' dir='ltr'>Numam</span> <span class='ocrx_word' id='word_1_134' title='bbox 762 2271 902 2354; x_wconf 86' lang='lat' dir='ltr'>jussisse,</span> <span class='ocrx_word' id='word_1_135' title='bbox 920 2270 1064 2336; x_wconf 82' lang='lat' dir='ltr'>Senator.</span> 
     </span>
     <span class='ocr_line' id='line_1_20' title="bbox 256 2371 1134 2460; baseline -0.005 -22"><span class='ocrx_word' id='word_1_136' title='bbox 256 2371 332 2438; x_wconf 92' lang='lat' dir='ltr'>Non</span> <span class='ocrx_word' id='word_1_137' title='bbox 347 2385 423 2440; x_wconf 88' lang='lat' dir='ltr'>aetas</span> <span class='ocrx_word' id='word_1_138' title='bbox 436 2374 506 2443; x_wconf 86' lang='lat' dir='ltr'>haec</span> <span class='ocrx_word' id='word_1_139' title='bbox 520 2376 636 2460; x_wconf 81' lang='lat' dir='ltr'>carpsit</span> <span class='ocrx_word' id='word_1_140' title='bbox 648 2374 742 2450; x_wconf 84' lang='lat' dir='ltr'>edax,</span> <span class='ocrx_word' id='word_1_141' title='bbox 758 2375 1014 2459; x_wconf 71' lang='lat' dir='ltr'>monimentaque</span> <span class='ocrx_word' id='word_1_142' title='bbox 1028 2392 1134 2438; x_wconf 88' lang='lat' dir='ltr'>rerum</span> 
     </span>
     <span class='ocr_line' id='line_1_21' title="bbox 256 2477 947 2557; baseline 0.006 -15"><span class='ocrx_word' id='word_1_143' title='bbox 256 2477 368 2544; x_wconf 86' lang='lat' dir='ltr'>Putria</span> <span class='ocrx_word' id='word_1_144' title='bbox 382 2480 534 2546; x_wconf 85' lang='lat' dir='ltr'>destituit:</span> <span class='ocrx_word' id='word_1_145' title='bbox 558 2481 678 2546; x_wconf 88' lang='lat' dir='ltr'>crimen</span> <span class='ocrx_word' id='word_1_146' title='bbox 693 2481 781 2550; x_wconf 74' lang='lat' dir='ltr'>uirile</span> <span class='ocrx_word' id='word_1_147' title='bbox 796 2480 947 2557; x_wconf 87' lang='lat' dir='ltr'>videmus,</span> 
     </span>
     <span class='ocr_line' id='line_1_22' title="bbox 257 2583 1099 2674; baseline 0.002 -25"><span class='ocrx_word' id='word_1_148' title='bbox 257 2583 324 2650; x_wconf 91' lang='lat' dir='ltr'>Tot</span> <span class='ocrx_word' id='word_1_149' title='bbox 338 2609 449 2655; x_wconf 85' lang='lat' dir='ltr'>vacuas</span> <span class='ocrx_word' id='word_1_150' title='bbox 464 2587 567 2660; x_wconf 87' lang='lat' dir='ltr'>urbes.</span> <span class='ocrx_word' id='word_1_151' title='bbox 593 2588 716 2674; x_wconf 83' lang='lat' dir='ltr'>generis</span> <span class='ocrx_word' id='word_1_152' title='bbox 731 2611 795 2673; x_wconf 92' lang='lat' dir='ltr'>quo</span> <span class='ocrx_word' id='word_1_153' title='bbox 806 2587 900 2652; x_wconf 87' lang='lat' dir='ltr'>truha</span> <span class='ocrx_word' id='word_1_154' title='bbox 911 2586 1039 2652; x_wconf 80' lang='lat' dir='ltr'>redacta</span> <span class='ocrx_word' id='word_1_155' title='bbox 1052 2594 1099 2650; x_wconf 83' lang='lat' dir='ltr'>est</span> 
     </span>
     <span class='ocr_line' id='line_1_23' title="bbox 91 2688 981 2777; baseline 0.003 -25"><span class='ocrx_word' id='word_1_156' title='bbox 91 2715 95 2720; x_wconf 73' lang='grc'>’</span> <span class='ocrx_word' id='word_1_157' title='bbox 168 2696 236 2753; x_wconf 75' lang='lat'>400</span> <span class='ocrx_word' id='word_1_158' title='bbox 259 2688 424 2754; x_wconf 81' lang='lat' dir='ltr'>Humani?</span> <span class='ocrx_word' id='word_1_159' title='bbox 446 2702 514 2759; x_wconf 83' lang='lat' dir='ltr'>toto</span> <span class='ocrx_word' id='word_1_160' title='bbox 528 2691 636 2775; x_wconf 86' lang='lat' dir='ltr'>populi</span> <span class='ocrx_word' id='word_1_161' title='bbox 651 2693 706 2777; x_wconf 85' lang='lat' dir='ltr'>qui</span> <span class='ocrx_word' id='word_1_162' title='bbox 719 2692 879 2757; x_wconf 87' lang='lat' dir='ltr'>nascimur</span> <span class='ocrx_word' id='word_1_163' title='bbox 894 2692 981 2768; x_wconf 85' lang='lat' dir='ltr'>orbe,</span> 
     </span>
     <span class='ocr_line' id='line_1_24' title="bbox 258 2793 1068 2884; baseline -0.001 -26"><span class='ocrx_word' id='word_1_164' title='bbox 258 2793 327 2858; x_wconf 88' lang='lat' dir='ltr'>Nee</span> <span class='ocrx_word' id='word_1_165' title='bbox 341 2815 450 2858; x_wconf 86' lang='lat' dir='ltr'>muros</span> <span class='ocrx_word' id='word_1_166' title='bbox 461 2794 595 2880; x_wconf 85' lang='lat' dir='ltr'>implere</span> <span class='ocrx_word' id='word_1_167' title='bbox 611 2795 695 2874; x_wconf 78' lang='lat' dir='ltr'>viris,</span> <span class='ocrx_word' id='word_1_168' title='bbox 709 2817 769 2860; x_wconf 85' lang='lat' dir='ltr'>nea</span> <span class='ocrx_word' id='word_1_169' title='bbox 782 2808 950 2881; x_wconf 85' lang='lat' dir='ltr'>possumus</span> <span class='ocrx_word' id='word_1_170' title='bbox 965 2816 1068 2884; x_wconf 80' lang='lat' dir='ltr'>agros.</span> 
     </span>
     <span class='ocr_line' id='line_1_25' title="bbox 258 2897 1034 2984; baseline 0.005 -21"><span class='ocrx_word' id='word_1_171' title='bbox 258 2897 416 2963; x_wconf 78' lang='lat' dir='ltr'>Urbanos</span> <span class='ocrx_word' id='word_1_172' title='bbox 433 2919 495 2964; x_wconf 87' lang='lat' dir='ltr'>una</span> <span class='ocrx_word' id='word_1_173' title='bbox 509 2900 606 2984; x_wconf 84' lang='lat' dir='ltr'>capit:</span> <span class='ocrx_word' id='word_1_174' title='bbox 631 2900 738 2964; x_wconf 86' lang='lat' dir='ltr'>vincto</span> <span class='ocrx_word' id='word_1_175' title='bbox 752 2899 870 2966; x_wconf 85' lang='lat' dir='ltr'>fossore</span> <span class='ocrx_word' id='word_1_176' title='bbox 884 2900 1034 2967; x_wconf 84' lang='lat' dir='ltr'>coluntur</span> 
     </span>
     <span class='ocr_line' id='line_1_26' title="bbox 256 3001 972 3091; baseline 0.004 -24"><span class='ocrx_word' id='word_1_177' title='bbox 256 3001 424 3088; x_wconf 80' lang='lat' dir='ltr'>Hesperiae</span> <span class='ocrx_word' id='word_1_178' title='bbox 438 3016 567 3091; x_wconf 82' lang='lat' dir='ltr'>segetes:</span> <span class='ocrx_word' id='word_1_179' title='bbox 590 3015 651 3073; x_wconf 85' lang='lat' dir='ltr'>stat</span> <span class='ocrx_word' id='word_1_180' title='bbox 664 3006 753 3072; x_wconf 85' lang='lat' dir='ltr'>tectis</span> <span class='ocrx_word' id='word_1_181' title='bbox 766 3005 868 3091; x_wconf 83' lang='lat' dir='ltr'>putris</span> <span class='ocrx_word' id='word_1_182' title='bbox 882 3005 972 3072; x_wconf 87' lang='lat' dir='ltr'>avitis</span> 
     </span>
     <span class='ocr_line' id='line_1_27' title="bbox 258 3105 1074 3197; baseline 0.002 -25"><span class='ocrx_word' id='word_1_183' title='bbox 258 3105 298 3172; x_wconf 91' lang='lat' dir='ltr'>In</span> <span class='ocrx_word' id='word_1_184' title='bbox 313 3107 414 3174; x_wconf 85' lang='lat' dir='ltr'>nullos</span> <span class='ocrx_word' id='word_1_185' title='bbox 428 3107 550 3173; x_wconf 86' lang='lat' dir='ltr'>ruitura</span> <span class='ocrx_word' id='word_1_186' title='bbox 563 3108 690 3180; x_wconf 80' lang='lat' dir='ltr'>domus:</span> <span class='ocrx_word' id='word_1_187' title='bbox 713 3110 863 3196; x_wconf 89' lang='lat' dir='ltr'>nulloque</span> <span class='ocrx_word' id='word_1_188' title='bbox 876 3110 1074 3197; x_wconf 85' lang='lat' dir='ltr'>frequentem</span> 
     </span>
     <span class='ocr_line' id='line_1_28' title="bbox 99 3212 1052 3302; baseline 0.008 -29"><span class='ocrx_word' id='word_1_189' title='bbox 99 3231 116 3260; x_wconf 55' lang='lat' dir='ltr'>x</span> <span class='ocrx_word' id='word_1_190' title='bbox 172 3215 240 3275; x_wconf 78' lang='lat'>405</span> <span class='ocrx_word' id='word_1_191' title='bbox 262 3212 340 3277; x_wconf 87' lang='lat' dir='ltr'>Cive</span> <span class='ocrx_word' id='word_1_192' title='bbox 354 3235 412 3280; x_wconf 92' lang='lat' dir='ltr'>suo</span> <span class='ocrx_word' id='word_1_193' title='bbox 428 3213 578 3292; x_wconf 85' lang='lat' dir='ltr'>Romam,</span> <span class='ocrx_word' id='word_1_194' title='bbox 600 3215 656 3280; x_wconf 86' lang='lat' dir='ltr'>sed</span> <span class='ocrx_word' id='word_1_195' title='bbox 669 3217 780 3280; x_wconf 90' lang='lat' dir='ltr'>muudi</span> <span class='ocrx_word' id='word_1_196' title='bbox 796 3215 872 3280; x_wconf 85' lang='lat' dir='ltr'>faece</span> <span class='ocrx_word' id='word_1_197' title='bbox 886 3216 1052 3302; x_wconf 88' lang='lat' dir='ltr'>repletam,</span> 
     </span>
     <span class='ocr_line' id='line_1_29' title="bbox 258 3315 1088 3404; baseline 0.005 -24"><span class='ocrx_word' id='word_1_198' title='bbox 258 3315 366 3381; x_wconf 87' lang='lat' dir='ltr'>Cladis</span> <span class='ocrx_word' id='word_1_199' title='bbox 376 3341 415 3382; x_wconf 89' lang='lat' dir='ltr'>eo</span> <span class='ocrx_word' id='word_1_200' title='bbox 430 3318 585 3396; x_wconf 89' lang='lat' dir='ltr'>dedimus,</span> <span class='ocrx_word' id='word_1_201' title='bbox 607 3342 648 3384; x_wconf 86' lang='lat' dir='ltr'>na</span> <span class='ocrx_word' id='word_1_202' title='bbox 663 3331 752 3384; x_wconf 89' lang='lat' dir='ltr'>tanto</span> <span class='ocrx_word' id='word_1_203' title='bbox 766 3320 801 3384; x_wconf 87' lang='lat' dir='ltr'>iu</span> <span class='ocrx_word' id='word_1_204' title='bbox 815 3332 959 3404; x_wconf 82' lang='lat' dir='ltr'>tempore</span> <span class='ocrx_word' id='word_1_205' title='bbox 971 3319 1088 3384; x_wconf 83' lang='lat' dir='ltr'>bellum</span> 
     </span>
     <span class='ocr_line' id='line_1_30' title="bbox 257 3419 922 3512; baseline 0.003 -28"><span class='ocrx_word' id='word_1_206' title='bbox 257 3419 330 3485; x_wconf 91' lang='lat' dir='ltr'>Jam</span> <span class='ocrx_word' id='word_1_207' title='bbox 345 3435 449 3506; x_wconf 89' lang='lat' dir='ltr'>posset</span> <span class='ocrx_word' id='word_1_208' title='bbox 463 3424 553 3488; x_wconf 87' lang='lat' dir='ltr'>civile</span> <span class='ocrx_word' id='word_1_209' title='bbox 562 3424 643 3512; x_wconf 83' lang='lat' dir='ltr'>geri:</span> <span class='ocrx_word' id='word_1_210' title='bbox 667 3422 827 3488; x_wconf 79' lang='lat' dir='ltr'>Pharsalia</span> <span class='ocrx_word' id='word_1_211' title='bbox 841 3423 922 3488; x_wconf 88' lang='lat' dir='ltr'>tanti</span> 
     </span>
     <span class='ocr_line' id='line_1_31' title="bbox 259 3526 1013 3607; baseline 0.005 -17"><span class='ocrx_word' id='word_1_212' title='bbox 259 3526 364 3592; x_wconf 89' lang='lat' dir='ltr'>Causa</span> <span class='ocrx_word' id='word_1_213' title='bbox 373 3529 458 3594; x_wconf 87' lang='lat' dir='ltr'>mali.</span> <span class='ocrx_word' id='word_1_214' title='bbox 485 3531 600 3596; x_wconf 89' lang='lat' dir='ltr'>cedant</span> <span class='ocrx_word' id='word_1_215' title='bbox 613 3529 720 3596; x_wconf 87' lang='lat' dir='ltr'>feralia</span> <span class='ocrx_word' id='word_1_216' title='bbox 731 3529 864 3598; x_wconf 77' lang='lat' dir='ltr'>aemma</span> <span class='ocrx_word' id='word_1_217' title='bbox 880 3529 1013 3607; x_wconf 86' lang='lat' dir='ltr'>Cannae,</span> 
     </span>
     <span class='ocr_line' id='line_1_32' title="bbox 253 3629 908 3702; baseline 0.005 -7"><span class='ocrx_word' id='word_1_218' title='bbox 253 3629 297 3696; x_wconf 90' lang='lat' dir='ltr'>Et</span> <span class='ocrx_word' id='word_1_219' title='bbox 311 3631 461 3698; x_wconf 87' lang='lat' dir='ltr'>danmata</span> <span class='ocrx_word' id='word_1_220' title='bbox 475 3632 531 3700; x_wconf 93' lang='lat' dir='ltr'>diu</span> <span class='ocrx_word' id='word_1_221' title='bbox 548 3635 700 3700; x_wconf 86' lang='lat' dir='ltr'>Romanis</span> <span class='ocrx_word' id='word_1_222' title='bbox 716 3635 800 3701; x_wconf 87' lang='lat' dir='ltr'>Allia</span> <span class='ocrx_word' id='word_1_223' title='bbox 813 3635 908 3702; x_wconf 88' lang='lat' dir='ltr'>fastis.</span> 
     </span>
    </p>
   </div>
   <div class='ocr_carea' id='block_1_3' title="bbox 145 3830 1335 4484">
    <p class='ocr_par' dir='ltr' id='par_1_3' title="bbox 145 3830 1324 4056">
     <span class='ocr_line' id='line_1_33' title="bbox 182 3830 1284 3894; baseline -0.005 -11"><span class='ocrx_word' id='word_1_224' title='bbox 182 3831 239 3879; x_wconf 78' lang='grc'>567.</span> <span class='ocrx_word' id='word_1_225' title='bbox 258 3855 323 3870; x_wconf 92' lang='lat'>-·-</span> <span class='ocrx_word' id='word_1_226' title='bbox 339 3833 372 3880; x_wconf 84' lang='lat' dir='ltr'>Ar</span> <span class='ocrx_word' id='word_1_227' title='bbox 385 3835 466 3894; x_wconf 74' lang='lat' dir='ltr'>plures</span> <span class='ocrx_word' id='word_1_228' title='bbox 490 3841 583 3885; x_wconf 83' lang='lat' dir='ltr'>tuntum</span> <span class='ocrx_word' id='word_1_229' title='bbox 602 3837 702 3884; x_wconf 68' lang='lat' dir='ltr'>emmae</span> <span class='ocrx_word' id='word_1_230' title='bbox 766 3840 822 3886; x_wconf 79' lang='grc'><strong>586.</strong></span> <span class='ocrx_word' id='word_1_231' title='bbox 838 3861 904 3876; x_wconf 89' lang='grc'>--</span> <span class='ocrx_word' id='word_1_232' title='bbox 920 3836 1003 3884; x_wconf 75' lang='lat' dir='ltr'>Metus</span> <span class='ocrx_word' id='word_1_233' title='bbox 1013 3835 1054 3882; x_wconf 83' lang='lat' dir='ltr'>lros</span> <span class='ocrx_word' id='word_1_234' title='bbox 1065 3831 1199 3894; x_wconf 67' lang='lat' dir='ltr'>registrum</span> <span class='ocrx_word' id='word_1_235' title='bbox 1208 3830 1284 3878; x_wconf 81' lang='lat' dir='ltr'>ereitu</span> 
     </span>
     <span class='ocr_line' id='line_1_34' title="bbox 145 3907 1324 3981; baseline -0.004 -21"><span class='ocrx_word' id='word_1_236' title='bbox 145 3907 258 3974; x_wconf 72' lang='lat' dir='ltr'>cutm]</span> <span class='ocrx_word' id='word_1_237' title='bbox 274 3909 341 3974; x_wconf 75' lang='lat' dir='ltr'>Lege</span> <span class='ocrx_word' id='word_1_238' title='bbox 352 3925 381 3957; x_wconf 86' lang='lat' dir='ltr'>ex</span> <span class='ocrx_word' id='word_1_239' title='bbox 391 3909 445 3958; x_wconf 80' lang='lat' dir='ltr'>aliis</span> <span class='ocrx_word' id='word_1_240' title='bbox 454 3910 577 3966; x_wconf 77' lang='lat' dir='ltr'>codicibus</span> <span class='ocrx_word' id='word_1_241' title='bbox 588 3913 643 3964; x_wconf 83' lang='lat' dir='ltr'>AC.</span> <span class='ocrx_word' id='word_1_242' title='bbox 735 3913 805 3980; x_wconf 76' lang='lat' dir='ltr'>illos]</span> <span class='ocrx_word' id='word_1_243' title='bbox 822 3914 863 3963; x_wconf 80' lang='lat' dir='ltr'>Ita</span> <span class='ocrx_word' id='word_1_244' title='bbox 878 3912 1038 3962; x_wconf 81' lang='lat' dir='ltr'>distinximus.</span> <span class='ocrx_word' id='word_1_245' title='bbox 1064 3909 1129 3981; x_wconf 19' lang='lat' dir='ltr'>‘Non</span> <span class='ocrx_word' id='word_1_246' title='bbox 1149 3907 1284 3972; x_wconf 89' lang='lat' dir='ltr'>enimquo·</span> <span class='ocrx_word' id='word_1_247' title='bbox 1320 3928 1324 3937; x_wconf 94' lang='lat'>·</span> 
     </span>
     <span class='ocr_line' id='line_1_35' title="bbox 181 3986 1287 4056; baseline -0.015 -4"><span class='ocrx_word' id='word_1_248' title='bbox 181 3991 238 4036; x_wconf 77' lang='lat'>³⁸⁵·</span> <span class='ocrx_word' id='word_1_249' title='bbox 266 3989 331 4050; x_wconf 66' lang='lat'>2&#39;80</span> <span class='ocrx_word' id='word_1_250' title='bbox 350 3992 462 4053; x_wconf 53' lang='lat' dir='ltr'>“W</span> <span class='ocrx_word' id='word_1_251' title='bbox 478 4001 538 4055; x_wconf 72' lang='lat' dir='ltr'>pers</span> <span class='ocrx_word' id='word_1_252' title='bbox 558 4000 703 4052; x_wconf 69' lang='lat' dir='ltr'>oneramur</span> <span class='ocrx_word' id='word_1_253' title='bbox 735 3995 770 4042; x_wconf 89' lang='lat' dir='ltr'>vis</span> <span class='ocrx_word' id='word_1_254' title='bbox 781 3991 910 4042; x_wconf 83' lang='lat' dir='ltr'>metuvult</span> <span class='ocrx_word' id='word_1_255' title='bbox 924 4005 1044 4056; x_wconf 74' lang='lat' dir='ltr'>pugnasse</span> <span class='ocrx_word' id='word_1_256' title='bbox 1060 3987 1227 4051; x_wconf 83' lang='lat' dir='ltr'>Pompeianos,</span> <span class='ocrx_word' id='word_1_257' title='bbox 1244 3986 1287 4036; x_wconf 89' lang='lat' dir='ltr'>sed</span> 
     </span>
    </p>

    <p class='ocr_par' dir='ltr' id='par_1_4' title="bbox 146 4057 1335 4484">
     <span class='ocr_line' id='line_1_36' title="bbox 146 4057 1285 4148; baseline -0.018 -14"><span class='ocrx_word' id='word_1_258' title='bbox 146 4068 244 4129; x_wconf 59' lang='lat' dir='ltr'>“dmm</span> <span class='ocrx_word' id='word_1_259' title='bbox 262 4057 470 4133; x_wconf 59' lang='grc' dir='ltr'>ΜΝΪΝΟΜΜ</span> <span class='ocrx_word' id='word_1_260' title='bbox 482 4078 643 4148; x_wconf 58' lang='lat' dir='ltr'>Cbnfflrrunt,</span> <span class='ocrx_word' id='word_1_261' title='bbox 657 4086 703 4121; x_wconf 82' lang='lat' dir='ltr'>nec</span> <span class='ocrx_word' id='word_1_262' title='bbox 735 4085 802 4122; x_wconf 86' lang='lat' dir='ltr'>metu</span> <span class='ocrx_word' id='word_1_263' title='bbox 813 4071 951 4136; x_wconf 82' lang='lat' dir='ltr'>tyrannidis,</span> <span class='ocrx_word' id='word_1_264' title='bbox 963 4078 989 4119; x_wconf 87' lang='lat' dir='ltr'>at</span> <span class='ocrx_word' id='word_1_265' title='bbox 997 4069 1145 4118; x_wconf 61' lang='lat' dir='ltr'>emansor</span> <span class='ocrx_word' id='word_1_266' title='bbox 1155 4078 1238 4118; x_wconf 81' lang='lat' dir='ltr'>eontra</span> <span class='ocrx_word' id='word_1_267' title='bbox 1248 4077 1285 4132; x_wconf 84' lang='lat' dir='ltr'>ty·</span> 
     </span>
     <span class='ocr_line' id='line_1_37' title="bbox 147 4146 1335 4257; baseline -0.003 -61"><span class='ocrx_word' id='word_1_268' title='bbox 147 4146 197 4196; x_wconf 88' lang='lat' dir='ltr'>nisi</span> <span class='ocrx_word' id='word_1_269' title='bbox 215 4147 394 4196; x_wconf 80' lang='lat' dir='ltr'>vermdemum</span> <span class='ocrx_word' id='word_1_270' title='bbox 412 4153 465 4202; x_wconf 85' lang='lat'><strong>470.</strong></span> <span class='ocrx_word' id='word_1_271' title='bbox 500 4164 605 4257; x_wconf 47' lang='lat' dir='ltr'>affe</span> <span class='ocrx_word' id='word_1_272' title='bbox 617 4153 702 4215; x_wconf 80' lang='lat' dir='ltr'><strong>PRO·</strong></span> <span class='ocrx_word' id='word_1_273' title='bbox 736 4150 862 4201; x_wconf 78' lang='lat' dir='ltr'>renuidem</span> <span class='ocrx_word' id='word_1_274' title='bbox 872 4163 983 4212; x_wconf 72' lang='lat' dir='ltr'>sperma.</span> <span class='ocrx_word' id='word_1_275' title='bbox 1018 4146 1126 4196; x_wconf 85' lang='lat' dir='ltr'>Grotius.</span> <span class='ocrx_word' id='word_1_276' title='bbox 1331 4155 1335 4163; x_wconf 74' lang='lat'>¹</span> 
     </span>
     <span class='ocr_line' id='line_1_38' title="bbox 147 4223 1203 4291; baseline -0.002 -16"><span class='ocrx_word' id='word_1_277' title='bbox 147 4223 331 4275; x_wconf 68' lang='lat' dir='ltr'>cunnum.</span> <span class='ocrx_word' id='word_1_278' title='bbox 347 4226 376 4276; x_wconf 87' lang='lat' dir='ltr'>iv.</span> <span class='ocrx_word' id='word_1_279' title='bbox 393 4231 444 4278; x_wconf 76' lang='lat'><strong>772.</strong></span> <span class='ocrx_word' id='word_1_280' title='bbox 769 4233 827 4279; x_wconf 80' lang='grc'><strong>597.</strong></span> <span class='ocrx_word' id='word_1_281' title='bbox 842 4255 908 4268; x_wconf 92' lang='grc'>--</span> <span class='ocrx_word' id='word_1_282' title='bbox 924 4229 1115 4291; x_wconf 79' lang='lat' dir='ltr'>Monimeutuqtoe</span> <span class='ocrx_word' id='word_1_283' title='bbox 1122 4241 1203 4274; x_wconf 80' lang='lat' dir='ltr'>rerum</span> 
     </span>
     <span class='ocr_line' id='line_1_39' title="bbox 170 4299 1289 4484; baseline -0.007 -40"><span class='ocrx_word' id='word_1_284' title='bbox 170 4344 379 4450; x_wconf 54' lang='lat' dir='ltr'>{affl</span> <span class='ocrx_word' id='word_1_285' title='bbox 384 4345 663 4484; x_wconf 40' lang='lat' dir='ltr'>libramen*</span> <span class='ocrx_word' id='word_1_286' title='bbox 739 4311 930 4442; x_wconf 64' lang='lat' dir='ltr'>aee-iiii</span> <span class='ocrx_word' id='word_1_287' title='bbox 941 4299 1289 4437; x_wconf 48' lang='lat' dir='ltr'>ddiriiitlinvd&#39;dlffudd</span> 
     </span>
    </p>
   </div>
   <div class='ocr_carea' id='block_1_4' title="bbox 0 0 1495 4986">
    <p class='ocr_par' dir='ltr' id='par_1_5' title="bbox 0 0 1495 4986">
     <span class='ocr_line' id='line_1_40' title="bbox 0 0 1495 4986; baseline 0 0"><span class='ocrx_word' id='word_1_288' title='bbox 0 0 1495 4986; x_wconf 95' lang='lat' dir='ltr'> </span> 
     </span>
    </p>
   </div>
  </div>
 </body>
</html>
