2924 4986
246 337 321 410 «κιο
534 327 592 402 M.
621 261 829 402 nunni
859 301 1103 402 'noctur
1221 396 1228 413 ,

350 525 582 614 Adscribatque
596 527 695 594 Deis:
718 525 821 614 fragili
835 525 1031 592 circumdata
1043 527 1125 593 testa

286 639 329 698 50
352 631 476 697 Moenia
486 631 640 698 mirentur
654 629 755 719 refugi
771 631 948 718 Babylonia
962 630 1085 698 Parthi.

349 736 402 802 En
418 749 572 824 qnantum
587 737 703 825 Tigris,
720 748 876 824 quantum
889 736 971 804 celer
986 735 1087 804 ambit
1101 736 1264 821 Orontes·

351 842 489 929 Assyriis
503 855 656 930 quantum
671 842 798 928 populis
812 841 932 908 telluris
947 841 1028 908 Eooe

351 947 522 1014 Sufficit‘in
537 969 688 1037 regnum,
702 947 854 1025 subitum,
870 947 1007 1034 bellique
1019 947 1160 1016 tumultu
1186 1007 1190 1010 .

349 1051 493 1137 Raptum
508 1052 618 1119 clausit
634 1074 723 1138 opus.
746 1051 826 1116 tanti
841 1051 963 1137 periere
975 1050 1110 1119 labores.
1226 1057 1231 1068 '

215 1149 218 1160 '
288 1163 330 1222 55
353 1156 420 1222 Tot
433 1169 565 1244 potuere
578 1179 691 1228 manus
706 1156 878 1260 adjungere
893 1157 1007 1224 Seston
1022 1155 1151 1243 Abydo,

352 1260 544 1349 Ingestoque
558 1261 626 1328 solo
642 1261 826 1348 Phryxeum
840 1259 957 1328 elidere
970 1273 1116 1345 pentum,

352 1365 421 1432 Aut
438 1364 563 1451 Pelopis
577 1365 648 1432 latis
664 1364 817 1452 Ephyren
833 1365 1020 1450 abrumpere
1035 1366 1152 1454 regnis,

350 1469 395 1537 Et
410 1470 649 1558 ratibuslongae
662 1469 762 1537 flexus
777 1469 897 1536 donare
912 1468 1041 1547 Maleae,

353 1576 421 1642 Aut
436 1575 571 1662 aliquem
583 1575 705 1653 mundi,
720 1575 861 1662 quamvis
878 1574 1001 1642 Natura
1014 1585 1168 1664 negemet,

287 1688 331 1746 60
355 1681 395 1746 Iu
409 1681 519 1746 melius
533 1697 657 1756 mutare
670 1681 785 1746 locum.
806 1679 870 1746 coit
884 1701 958 1746 area
971 1679 1063 1747 belli:
1099 1735 1103 1743 .

355 1789 423 1855 Hic
437 1788 531 1856 alitur
545 1790 671 1877 sangnis
682 1801 781 1872 terras
794 1788 938 1854 fluxurus
951 1789 986 1854 in
999 1789 1131 1868 omne'u,

356 1893 424 1959 Hic
438 1905 470 1958 et
484 1893 675 1962 Thessalicae
689 1895 803 1972 clades,
821 1894 1017 1982 Libycoeque
1030 1905 1188 1962 tenentur.

353 1997 482 2064 AEstuat
496 2012 629 2088 angusta
644 2000 745 2066 rabies
760 1999 857 2065 civilis
871 2003 978 2066 arena.

397 2105 506 2174 Prima
521 2109 650 2195 quidem
665 2131 796 2198 surgens
810 2128 943 2194 operum
958 2119 1114 2175 structura
1128 2109 1234 2174 fefellit

289 2218 331 2276 65
355 2211 562 2298 Pompeium:
586 2213 683 2280 veluti
697 2214 811 2280 medioe
827 2216 881 2301 qui
897 2225 982 2280 tutus
996 2214 1029 2278 in
1045 2214 1127 2279 arvis

355 2318 491 2384 Sicaniae
506 2320 652 2405 rapidum
667 2322 767 2386 nescit
781 2320 896 2385 latrare
913 2319 1083 2384 Pelorum:

353 2425 422 2488 Aut
434 2447 518 2513 vaga
533 2447 606 2488 cum
620 2423 752 2511 Tethys,
771 2425 996 2510 Rutupinaque
1010 2423 1119 2489 littora
1132 2423 1260 2502 fervent,

354 2525 453 2591 Unda
469 2527 657 2592 Caledonios
671 2528 751 2590 fallit
764 2528 891 2592 turbata
906 2527 1087 2592 Britannos.

353 2630 402 2696 Ut
415 2633 554 2717 primum
569 2643 656 2697 vasto
670 2643 773 2719 septas
787 2631 872 2696 videt
886 2653 1003 2720 aggere
1017 2642 1140 2711 terros3

289 2739 331 2802 70
355 2731 427 2822 Ipse
442 2755 568 2825 qnoque
581 2761 602 2802 a
615 2749 685 2803 tnta
698 2736 858 2802 deducens
873 2737 1002 2826 agmina
1018 2736 1114 2802 Petra

352 2841 495 2908 Diversis
510 2845 629 2933 spargit
642 2843 784 2923 tumulis,
800 2855 837 2908 ut
854 2843 992 2909 Caesaris.
1002 2864 1092 2908 arma

352 2945 468 3024 Laxet,
491 2960 524 3011 et
537 2946 635 3020 effuso
650 2948 847 3014 claudentem
863 2948 964 3012 milite
980 2935 1100 3014 'tendat
1109 2971 1122 3038 ε1

353 3049 404 3116 Ac
419 3060 543 3115 tantum
557 3054 637 3138 septi
652 3053 734 3118 vallo
748 3055 807 3118 sibi
821 3051 967 3120 vendicat
982 3053 1062 3142 agri,

349 3154 454 3220 Parva
468 3155 645 3244 Mycenaeae
660 3171 814 3245 quantum
829 3170 950 3224 sacrata
964 3158 1082 3222 Dianae

287 3263 331 3326 75
352 3261 460 3328 Distat
474 3263 515 3328 ab
530 3263 653 3330 excelsa
666 3264 834 3343 nemoralis
845 3265 955 3330 Aricia
970 3263 1098 3328 Roma:

353 3368 490 3456 Quoque
504 3369 602 3436 modo
620 3369 733 3436 Romae
747 3369 920 3456 praelapsus
934 3371 1053 3436 moenie
1068 3368 1186 3456 Tybris

351 3479 392 3545 In
408 3503 494 3547 mare
508 3481 680 3560 descendit,
703 3483 730 3546 si
744 3503 899 3570 nusquam
913 3491 1061 3568 torqueat
1071 3501 1208 3544 amnem.

240 3681 319 3746 gana]
332 3681 414 3746 Magis
428 3682 504 3732 nitide
515 3681 626 3746 varieque
636 3681 711 3732 codex
723 3648 798 3732 lleru·¹
850 3679 885 3720 Et·
891 3679 1033 3720 Μ’Μῦῐ
1039 3683 1134 3730 term1¹¹e
1142 3681 1239 3731 marique.

243 3759 334 3817 manni.
826 3767 1184 3832 virgiliusAEneidausar.

261 3873 776 3926 munimntumnrturuoexortuaussmt,
849 3853 1268 3898 ³⁸⁰¹¹¹¹¹⁶⁸⁹ffl⁰l⁸⁰tmffim

262 3937 310 3976 '¹²³⁶
317 3947 451 3984 m⁹¹⁸³’⁸¹¹⁰⁸·
823 3949 890 4000 Tum
908 3956 990 3996 autem
1001 3961 1044 4008 pro
1056 3945 1140 4006 Tauri,
1158 3955 1185 3993 ut
1201 3943 1299 4006 erigatur
1311 3947 1354 3981 ⁵01³·

271 4041 320 4095 54.Ι
331 4041 438 4100 Raptum
449 4044 534 4090 clausit
549 4059 613 4106 opus.
628 4043 691 4090 torui
700 4045 792 4102 perr'era
826 4027 1017 4092 “lmllifssl'one
1029 4028 1124 4080 Quam·

240 4111 347 4176 labores]
370 4113 445 4162 Recte
467 4117 542 4165 codex
568 4119 662 4182 Regina
689 4118 794 4166 CLAU·
850 4112 1358 4179 RaptimcLAUDlTopm.QUANT1perterela·

236 4188 311 4245 mr,
328 4188 400 4252 idque
411 4195 441 4240 ob
453 4193 514 4243 illud
532 4197 587 4255 EN,
603 4195 667 4260 quod
684 4204 750 4245 ornat
770 4205 795 4246 et
873 4190 942 4230 lm!

235 4266 341 4319 tetendit
351 4276 446 4333 tempus
456 4288 566 4336 presens.
601 4276 689 4326 Noster
699 4276 715 4324 i.
725 4279 780 4328 120.
859 4279 901 4328 55.
917 4275 1285 4344 recommemorata
1293 4267 1357 4318 ’ΨΜ
