2900 4902
29 3603 32 3612 ·
106 3588 197 3636 AEquora
206 3587 293 3636 Natura,
304 3596 389 3630 emant.

328 327 713 421 'PHARSALIAE
751 329 875 458 ma,
902 331 953 408 V.
1135 312 1217 404 '247

188 552 279 620 Illinc
293 549 414 616 infestae
429 549 549 628 classes,
566 559 598 612 et
612 547 725 614 inertia
740 546 837 611 tonsis

188 658 334 744 AEquora
349 669 494 732 moturae3
516 653 620 742 gravis
634 653 710 716 hinc
725 652 879 739 languore
893 647 1054 736 profundi*

114 767 171 826 450
194 763 335 830 Obsessis
350 773 483 826 ventura
496 759 604 823 fames.
620 779 703 821 nova
718 770 791 822 vota
806 756 913 822 timori

194 874 277 940 Sunt
291 873 419 936 inventa
433 892 527 944 novo,
550 869 665 932 fluctus
680 868 854 952 nimiasque
869 863 992 951 precari

140 969 142 979 ¹
193 977 370 1042 Ventorum
385 976 477 1053 vires,
491 976 568 1039 dum
584 997 616 1037 se
628 973 826 1058 torpentibus
842 971 928 1035 unda
970 981 973 989 ⁴

192 1080 343 1146 Excutiat
355 1080 481 1167 stagnis,
498 1090 530 1143 et
541 1079 581 1142 sit
592 1099 689 1141 mare.
706 1075 814 1140 nubila
828 1095 994 1160 nusquam,

193 1185 431 1271 Undarumque
445 1185 552 1247 minae:
567 1183 648 1247 coelo
662 1182 843 1269 languente,
859 1181 1004 1266 fretoque

10 1277 12 1324 ²
114 1293 169 1354 455
191 1291 358 1378 Naufragii
374 1312 442 1374 spes
457 1291 560 1354 omnis
575 1289 649 1352 abia
661 1287 716 1350 sed
728 1299 821 1350 nocte
831 1284 938 1372 fugata

195 1394 324 1460 Loesum
339 1393 425 1456 nube
438 1393 524 1456 diem
534 1391 630 1476 jubar
643 1390 767 1467 extulit,
784 1391 908 1477 imaque
920 1389 1035 1452 sensim

196 1497 363 1563 Concussit
379 1496 495 1582 pelagi,
512 1496 673 1581 movitque
689 1495 847 1559 Ceraunia
861 1495 974 1559 nautis.

197 1603 278 1669 Inde
293 1602 361 1687 rapi
376 1622 500 1686 coepere
515 1611 607 1677 rates,
623 1611 717 1686 atque
733 1622 862 1686 aequora
872 1600 1004 1666 classem

200 1709 306 1774 Curva
321 1708 418 1793 sequi,
431 1707 581 1793 quaejam
595 1718 700 1784 vento,
716 1707 876 1792 fluctuque
891 1704 1030 1770 secundo

120 1827 181 1886 460
204 1821 310 1907 Lapsa
326 1819 510 1884 Palaestinas
525 1819 613 1884 uncis
629 1818 761 1884 confixit
776 1843 896 1885 arenas.

195 1983 197 1988 .
246 1925 353 1991 Prima
367 1923 462 1988 duces
475 1923 555 1988 vidit
562 1924 682 2011 junctis
697 1926 865 1990 consistere
879 1925 987 1990 castris
1038 1979 1042 1982 .

203 2027 323 2106 Tellus,
339 2049 435 2114 quam
446 2026 573 2091 volucer
588 2027 747 2104 Genusus,
764 2051 857 2112 quam
875 2029 1001 2092 mollior
1016 2025 1122 2112 Apsus

206 2133 413 2198 Circumeunt
426 2131 512 2215 ripis.
558 2129 648 2213 Apso
662 2143 785 2218 gestare
800 2131 922 2195 carinas
960 2204 962 2210 ‚

204 2237 309 2302 Causa
322 2235 424 2322 palus,
436 2232 501 2298 leni
516 2255 612 2319 quam
626 2233 734 2298 fallens
749 2237 848 2322 egerit
862 2235 958 2299 unda.

118 2350 179 2426 Ι465
205 2342 251 2406 At
267 2339 434 2406 Genusum
449 2359 535 2401 nunc
550 2337 615 2402 sole
629 2337 727 2414 nives,
744 2360 829 2403 nunc
843 2339 944 2401 imbre
960 2337 1070 2401 solutae

206 2447 425 2534 Praecipitant:
443 2457 553 2544 neuter
564 2445 661 2544 longo
677 2469 710 2510 se
723 2452 849 2536 gurgite
862 2439 976 2528 lassat,

206 2553 270 2619 Sed
285 2553 451 2618 minimum
467 2563 560 2616 terrae
571 2552 675 2616 vicino
688 2551 790 2617 littore
805 2553 903 2618 novit.

207 2658 284 2723 Hoc
300 2658 428 2722 fortuna
441 2656 512 2721 loco
527 2669 624 2722 tantae
638 2658 704 2722 duo
715 2660 846 2724 nomina
856 2659 950 2723 famae

208 2761 408 2848 Composuit:
431 2763 597 2847 miserique
607 2760 667 2826 fuit
678 2783 747 2846 spes
758 2763 846 2828 irrita
860 2763 980 2842 mundi,

121 2857 184 2933 470
207 2866 304 2932 Posse
318 2865 414 2934 duces
428 2887 526 2951 parva
540 2867 644 2950 campi
659 2867 792 2932 statione
802 2869 953 2933 diremtos
967 2851 969 2856 ¹

208 2970 386 3036 Admotum
400 2968 552 3034 damnare
561 2968 657 3034 nefas.
671 2991 889 3040 nam-cernere
902 2973 1014 3051 vultus

210 3075 254 3140 Et
268 3097 359 3141 voces
372 3073 483 3158 audire
498 3074 606 3152 datur:
623 3073 802 3166 multosque
816 3101 873 3168 per
887 3101 987 3169 annos
1085 3149 1088 3152 ,

103 3296 161 3386 lem,
175 3299 299 3361 ngentem
309 3308 428 3349 naturam.
462 3299 562 3366 corrige
578 3300 656 3350 etdis-
685 3321 737 3354 non
754 3316 925 3370 capemenas
945 3307 1032 3356 morali
1051 3305 1165 3372 Epitheto
1185 3320 1238 3354 sen·

103 3383 195 3440 unguet
218 3425 219 3429 ,
275 3380 279 3390 ⁴
528 3416 533 3425 ι
686 3387 785 3434 tentiam
799 3388 902 3442 restitue,

351 3467 463 3514 moestoque
471 3467 545 3516 ignava
554 3469 658 3518 pronmdo
709 3493 899 3508 ............
908 3477 942 3515 ,ed
950 3480 1011 3514 1100oe
1016 3475 1086 3525 fugata

105 3527 272 3578 &minentis
283 3531 420 3578 squamma
434 3533 513 3573 deserta
521 3533 660 3576 nouam
711 3539 824 3580 LAETUM
829 3541 1010 3588 nubediemlubar
1017 3541 1099 3580 extulit.

207 3680 213 3692 ,
395 3681 399 3691 ,
604 3689 609 3700 Ι
719 3637 776 3682 460.
802 3661 867 3672 -
896 3637 1036 3683 Paluatinas
1053 3635 1120 3680 aneis
1144 3631 1241 3696 confiuit

104 3679 314 3729 §mmmmm
330 3685 524 3776 smgn‘loemm'
536 3688 658 3734 mund*
688 3711 792 3780 orenos]
805 3713 849 3761 Est
860 3711 886 3759 in
898 3710 967 3772 Epiri
978 3725 1018 3758 ore
1031 3710 1140 3757 Palaeste.
1174 3707 1238 3754 Gro-

103 3773 165 3813 emu
178 3765 276 3812 Natura
286 3773 386 3826 regesne,
403 3780 452 3812 srve
462 3780 516 3829 quae
526 3766 593 3830 regit.
688 3791 742 3840 tius·

135 3843 195 3890 455.
212 3865 278 3879 -—
288 3844 333 3890 Seu
339 3842 497 3906 noctefuguta

205 3919 302 3968 Meuia
320 3920 380 3967 nube
396 3919 538 3980 diemjabor
559 3921 662 3988 extulit]

104 4000 205 4050 Lusum
216 4001 282 4054 nube,
293 3999 413 4062 inquiunt,
422 4008 458 4047 ast
470 4003 568 4050 nabibus
579 4005 661 4052 obduc-

103 4086 166 4128 tum.
203 4075 302 4124 Audio:
316 4085 340 4124 et
349 4076 505 4127 diesnubilus
513 4079 560 4128 illis
571 4080 663 4129 dicetur

103 4155 200 4208 Lama
211 4153 254 4216 qui
262 4167 373 4201 serenum
382 4154 446 4202 diem
455 4164 544 4217 optant
567 4161 603 4207 At
612 4159 664 4206 Coe·

104 4232 199 4282 suriani
211 4235 287 4282 nubes
297 4234 337 4282 hie
348 4244 372 4283 et
379 4245 381 4250 '
388 4244 470 4284 ventos
480 4236 600 4296 optabant,
613 4237 665 4286 No·
692 4211 763 4259 ΡΜ

104 4329 136 4361 aa
148 4319 201 4358 outo
209 4313 290 4360 timori
297 4317 357 4362 Sunt
365 4317 458 4363 inmota
465 4330 527 4362 nono.
540 4314 621 4370 Quare
630 4313 666 4377 ig·
719 4287 939 4350 ffimduoefflfl‘lss
947 4300 999 4340 ‘¹¹³¹‘
1007 4297 1169 4340 mmmm
1175 4292 1255 4335 Μ*

103 4405 187 4442 nosce
198 4391 267 4442 bonis
276 4391 397 4453 Librariis,
412 4393 454 4460 qui
464 4393 540 4456 po'e'tae
563 4409 667 4446 acumen
690 4393 811 4446 Ordinem
823 4393 953 4443 mutuant
964 4391 1064 4442 codices.

722 3889 778 3932 461.
788 3885 873 3932 Primo
881 3884 951 3930 duces
958 3878 1112 3940 oiditjunctr‘s
1123 3882 1245 3948 consistere

754 3999 757 4006 .
820 3965 904 4010 eastris

791 4031 888 4102 Tellus]
901 4037 1008 4084 Gemino
1017 4037 1101 4084 morbo
1109 4034 1199 4082 laborat
1205 4035 1244 4084 hic

691 4133 779 4174 venus,
792 4126 816 4164 et
828 4119 858 4165 ab
874 4115 967 4176 ordine,
984 4125 1009 4162 et
1027 4131 1042 4162 a
1058 4113 1177 4162 lectione:
1196 4114 1245 4161 Re·
