2984 5022
418 224 775 304 Prinassum
811 225 921 302 Lm.
963 229 1033 306 rx.
1198 249 1279 332 aso

260 453 400 519 Ventum
414 463 481 518 erat
495 451 538 517 ad
547 451 710 538 templum,
727 449 856 540 Libycis
871 451 957 538 quod
970 453 1117 542 gentibus
1132 455 1233 524 unum

259 559 376 624 Inculti
392 557 602 624 Garamantes
612 557 750 622 habent:
772 569 834 622 stat
849 558 996 647 corniger
1009 559 1074 625 illic

257 664 394 751 Jupiter,
409 674 446 728 ut
460 674 647 740 memorant,
663 662 718 728 sed
733 684 799 726 non
814 674 869 728 ant
882 662 1016 730 fulmina
1031 663 1170 746 vibrans,

258 770 327 835 Aut
337 768 446 834 similis
459 779 580 846 nostro,
597 768 652 832 sed
666 768 757 833 tortis
772 768 923 835 cornibus
937 770 1090 836 Ammon.

175 880 238 940 515
262 874 340 939 Non
354 873 417 938 illic
432 873 562 960 Libycae
576 885 751 959 posuerunt
765 872 843 942 ditia
860 885 970 961 gentes

261 975 398 1064 Templa
408 999 416 1041 z
426 999 486 1043 nec
498 977 575 1042 Eois
587 975 752 1062 splendent
762 961 898 1043 donaria
912 980 1055 1067 gemmis.

262 1083 416 1162 Quamvis
431 1081 624 1168 AEthiopum
638 1082 772 1168 populis,
790 1081 996 1172 Arabumque
1014 1085 1114 1150 beatis

263 1188 432 1266 Gentibus,
443 1200 539 1273 atque
553 1185 643 1252 Indis
653 1207 735 1251 unus
750 1187 789 1250 sit
803 1187 928 1273 Jupiter
940 1189 1092 1268 Ammon,
1161 1195 1164 1206 '

264 1295 391 1380 Pauper
406 1291 509 1358 adhuc
532 1292 623 1358 Dens
638 1302 696 1370 est,
711 1291 803 1357 nullis
818 1293 933 1358 violata
946 1316 1004 1381 per
1018 1317 1123 1362 aevum

175 1408 240 1468 520
261 1399 390 1467 Divitiis
401 1397 534 1462 delubra
549 1409 677 1473 tenens3
706 1419 892 1484 morumque
906 1397 1051 1483 priorum

263 1505 393 1571 Numen
407 1503 557 1567 Romano
572 1499 724 1588 ternplum
736 1501 877 1568 defendit
890 1503 932 1567 ab
947 1525 1036 1570 auro.

261 1610 339 1677 Esse
353 1608 431 1673 locis
448 1609 586 1692 Superos
601 1617 732 1672 testatur
743 1606 820 1672 silva
834 1630 893 1693 per
907 1630 1036 1674 omnem

263 1715 337 1782 Sola
351 1715 456 1780 virens
471 1711 606 1799 Libyen.
630 1733 705 1776 narn
720 1711 870 1799 quicquid
885 1713 1016 1799 pulvere
1032 1713 1115 1780 sicco

262 1822 395 1907 Separat
416 1817 579 1883 ardentem
594 1816 700 1902 tepida
717 1816 907 1884 Berenicida
922 1818 1030 1903 Lepti,

175 1932 239 1992 525
264 1926 397 2014 Ignorat
409 1923 548 1988 frondes:
565 1921 648 1986 solus
658 1945 769 1986 nemus
780 1923 894 1987 extulit
909 1923 1061 1988 Ammon.

262 2030 420 2098 Silvarum
436 2026 507 2091 fons
528 2047 622 2090 causa
636 2025 718 2102 loco,
734 2027 788 2112 qui
802 2027 909 2111 putria
922 2037 1017 2091 terrae

265 2135 394 2224 Alligat,
410 2144 442 2196 et
461 2130 596 2195 domitas
611 2128 699 2220 unda⁴
706 2131 866 2195 connectit
875 2151 996 2196 arenas.

263 2242 317 2307 Sic
331 2259 457 2326 quoque
472 2236 516 2300 nil
531 2233 634 2299 obstat
648 2233 786 2313 Phoebo,
803 2257 875 2299 cum
888 2235 1017 2301 cardine
1031 2257 1154 2303 summo

267 2347 337 2411 Stat
348 2343 463 2408 librata
477 2340 560 2406 dies:
577 2351 726 2404 truncum
736 2339 790 2402 vix
804 2338 943 2428 protegit
954 2339 1065 2406 arbor:

176 2467 243 2526 tao
266 2458 351 2524 Tam
363 2455 466 2522 brevis
480 2457 514 2519 in
529 2449 669 2518 medium
684 2450 780 2517 radiis
794 2451 994 2537 compellitur
1007 2449 1130 2517 umbra.

264 2565 468 2650 Deprensum
481 2572 527 2624 est
541 2558 627 2622 hunc
642 2580 707 2624 esse
721 2557 838 2635 locum,
854 2579 917 2643 qua
932 2557 1068 2622 circulus
1084 2557 1140 2623 alti

267 2669 401 2737 Solstitii
417 2664 558 2730 medium
570 2663 732 2752 signorum
743 2663 882 2752 percutit
896 2661 1017 2726 orbem.

166 2773 168 2778 ’
266 2775 343 2841 Non
353 2771 480 2857 obliqua
494 2778 614 2848 meant,
629 2791 689 2833 nec
703 2768 815 2833 Tauro
832 2767 983 2854 Scorpius
999 2768 1066 2833 exit

181 2977 387 3028 lnowtmdlssl
410 2972 695 3023 mmmm
777 2978 833 3024 512.
850 3001 916 3013 —
926 2977 978 3024 Stat
994 2975 1102 3038 corniger
1118 2977 1169 3023 illic
1183 2937 1186 2941 -

180 3041 304 3139 'mm
316 3046 378 3088 mm
389 3035 467 3074 mm
478 3033 547 3082 ’ΨΜ
554 3032 673 3072 mmm
680 3035 711 3074 nt.
841 3051 956 3119 Junieen]
970 3052 1100 3110 Quomodo
1110 3055 1228 3114 Corniger,
1240 3066 1298 3101 cum

183 3162 348 3210 mmm„
355 3157 510 3206 mmm„
523 3155 624 3194 am,
744 3143 801 3177 mox
817 3130 897 3187 addat,
911 3133 955 3180 Sed
975 3133 1041 3180 tortis
1051 3131 1160 3179 canibus
1176 3130 1298 3180 Annont

181 3225 208 3267 In
216 3221 409 3264 Nnonnmuaur.
419 3216 689 3259 manantrudortuuaruu
744 3207 850 3271 lagena
862 3208 939 3257 isaaci
956 3208 1037 3258 Vossii
1047 3207 1137 3265 codice,

158 3315 226 3365 Vide
238 3313 302 3362 infra
315 3327 336 3360 v.
357 3315 413 3360 604.
429 3316 544 3357 ceterum
554 3303 635 3366 plures
645 3299 711 3350 codi-
739 3295 743 3320 ²
968 3307 1142 3350 miramon
1148 3308 1190 3349 nne

160 3413 206 3453 οὔ,
218 3412 268 3444 non
277 3399 390 3446 Incensus
401 3391 443 3440 sed
455 3392 596 3452 Enarritque
607 3374 675 3434 dien
770 3369 863 3420 Jupiter,
874 3375 1029 3412 utmemonnt.

191 3481 248 3525 501·
265 3499 332 3511 -
345 3475 424 3526 Quum
440 3472 477 3518 uia
487 3470 603 3530 epttluere
614 3465 680 3512 miles
748 3446 844 3504 conta,
857 3448 889 3496 ob
901 3459 1022 3495 sumtuum
1033 3447 1085 3510 ejus
1093 3447 1183 3495 omenti
1194 3443 1266 3494 fidem
1277 3451 1302 3492 et

258 3553 396 3614 Corripiens.
406 3551 516 3610 patulum
525 3547 592 3608 galea
604 3542 714 3608 confudit
745 3521 956 3574 “lsdfflffllfflm
990 3525 1079 3574 Noster
1089 3525 1120 3574 vl.
1137 3531 1192 3572 813.

161 3635 190 3680 r'n
200 3629 294 3694 orbem]
315 3628 364 3675 Pro
385 3629 525 3687 corripiens,
543 3620 655 3672 nonnulli
671 3634 711 3668 co·
775 3613 964 3686 “‘Tffili
976 3613 1192 3684 oerttoromtnnnaten
1233 3671 1238 3681 Ι

159 3712 224 3760 dices
234 3710 331 3758 Sustulit
349 3716 391 3756 et:
408 3704 460 3764 alii,
478 3712 537 3750 teste
555 3697 663 3750 Heinsio
681 3697 714 3746 ad
773 3679 819 3770 ,Ψ
826 3674 1256 3768 Qasmmssfmw'ml'mffnm

162 3787 332 3842 Claudianum,
354 3787 467 3834 Conuenae.
504 3781 577 3828 Unus
587 3793 617 3826 ex
627 3775 714 3824 nostris
747 3758 812 3808 V¹de
828 3770 908 3818 ῬΜ
921 3754 1035 3801 V⁰⁵⁵¹l¹¹¹¹
1052 3747 1084 3800 δᾶ
1102 3749 1203 3822 Mel&-

159 3885 203 3932 pro
218 3868 284 3916 vana
295 3864 403 3922 lectione,
417 3865 523 3916 Contulit
539 3869 577 3916 et,
589 3872 659 3914 unus,
681 3859 714 3905 In
782 3855 838 3902 525.
861 3875 930 3888 -—
951 3850 1018 3898 Solus
1036 3862 1117 3896 nemus
1138 3846 1219 3893 entulit
1242 3843 1301 3891 Aru·

155 3949 258 4009 pulvere·
274 3953 298 3991 et
312 3943 390 3992 natea
402 3945 477 3997 nostri
489 3937 601 3992 universi.
634 3935 713 3998 Lege·
747 3936 821 4004 nnn]
849 3933 919 3983 Male
941 3931 996 3981 libri
1017 3932 1122 3988 abstulit,
1151 3936 1194 3976 aut
1216 3927 1302 3976 attulit.

158 4025 211 4082 rim,
749 4017 807 4067 Sola
819 4010 971 4064 Ammonitis
981 4013 1075 4060 arbores
1085 4007 1163 4070 erigit.
1197 4004 1303 4053 Grotius.

182 4119 406 4168 -ttumvix
455 4108 643 4176 Mpulveremsseu
751 4096 841 4148 Immo,
853 4103 912 4152 pace
923 4089 1008 4152 magni
1019 4087 1073 4145 riri,
1088 4086 1160 4150 longe
1170 4083 1304 4147 elegantius

182 4136 690 4265 ww‘Qfflumegg'wnfudillflWm·
752 4171 843 4235 scripti
855 4169 973 4223 Abstulitr
993 4183 1066 4234 quam
1086 4167 1236 4214 Correctnres
1253 4162 1303 4210 Eu·-

159 4265 215 4312 ⁰¹⁴m
222 4263 317 4322 tuone.
333 4273 358 4314 ut
484 4279 570 4332 „non
588 4254 712 4323 liquidum,
748 4255 812 4303 tulit.
849 4249 967 4304 Abstulit,
984 4248 1040 4312 quia
1054 4243 1118 4293 eolus
1126 4237 1306 4301 habeareliquu

156 4337 325 4401 ⁸⁰dP¹¹¹V⁶¹⁶w
410 4294 484 4390 end?
521 4385 529 4402 ,
748 4332 819 4398 regio
830 4327 945 4378 minime.
984 4325 1102 4384 Catullus,
