2924 4986
343 292 706 372 PHARSALIAE
748 291 858 371 LIB.
897 294 970 373 VI.
1175 305 1249 372 993

229 513 372 600 Ossaque
385 509 549 590 nobilium,
573 519 738 598 tantosque
751 507 913 598 acquirere
926 531 1045 578 manes.

229 617 299 684 Hic
313 619 417 696 ardor,
440 617 586 704 solusque
599 616 700 694 labor,
723 616 801 703 quid
816 637 948 701 corpore
963 615 1079 704 Magni

227 723 373 807 Projecto
388 723 502 807 rapiat,
525 743 604 807 quos
620 720 754 786 Caesaris
768 720 885 786 involet
898 734 992 786 artus.

227 827 336 904 Quam
351 827 438 910 prior
452 821 566 890 effatur
581 825 725 910 Pompeii
740 826 854 913 ignava
865 847 1019 912 propago.

145 937 206 999 590
229 931 263 998 Ο
276 931 372 996 decrrs
387 929 630 1007 Haemouidum,
653 928 778 1014 populis
792 952 864 1015 quae
879 930 1018 1014 pandere
1032 927 1106 1009 fatu,

225 1035 373 1125 Quoeque
387 1058 444 1101 suo
459 1047 590 1101 ventura
603 1047 692 1121 potes
705 1034 866 1100 devertere
880 1057 985 1115 oursu,

229 1138 280 1204 Te
294 1159 417 1224 precor,
440 1151 476 1203 nt
490 1153 611 1204 certtcm
625 1139 716 1204 liceat
730 1137 808 1202 mihi
822 1161 952 1204 noscere
966 1138 1073 1218 finem,

229 1243 337 1321 Quem
351 1243 423 1308 belli
437 1243 564 1310 fortuna
578 1255 677 1329 paret.
699 1265 766 1308 non
781 1243 890 1308 ultima
904 1246 1006 1309 turbas

230 1347 310 1413 Pars
320 1371 380 1436 ego
399 1348 555 1425 Romane,
580 1347 695 1433 Magni
710 1347 880 1412 clarissima
890 1349 1012 1432 proles3
1120 1343 1126 1354 ’

147 1460 208 1518 595
231 1453 294 1518 Vel
308 1453 456 1518 dominus
470 1471 586 1526 rerum,
610 1449 658 1512 vel
675 1451 755 1512 tanti
768 1450 886 1514 funeris
901 1451 1012 1517 haeres.

229 1557 327 1624 Meus
341 1554 444 1620 dubiis
459 1575 604 1638 percussa
617 1563 722 1638 pavet,
746 1574 913 1640 rursusque
926 1567 1037 1641 parata
1050 1568 1097 1622 est
1108 1578 1112 1590 “

232 1661 345 1726 Certos
359 1657 441 1725 ferre
455 1670 565 1722 metus.
589 1656 650 1722 hoc
665 1658 786 1722 casibus
802 1659 888 1744 eripe
897 1659 997 1746 juris3

233 1766 286 1832 Ne
301 1763 406 1841 subiti,
430 1763 567 1848 caeciquo
577 1775 689 1836 rusum
713 1762 762 1826 vel
775 1765 906 1830 numina
921 1777 1045 1852 torque,

232 1871 294 1936 Vel
309 1883 344 1936 tu
358 1891 452 1956 parce
466 1869 558 1946 Deis,
574 1881 606 1936 et
622 1868 773 1934 Manibus
787 1871 933 1956 exprime
944 1891 1065 1936 verum.

146 1983 209 2045 ⁶00
231 1974 353 2063 Elysias
367 1995 470 2039 resera
484 1974 580 2050 sedes,
604 1974 766 2061 ipsamque
780 1987 933 2054 vocatam,

233 2080 325 2158 Quos
339 2089 425 2164 petat
438 2100 457 2141 e
471 2077 572 2153 nobis,
597 2077 738 2146 Mortem
753 2079 811 2144 tibi
825 2101 904 2167 coge
917 2078 1018 2144 fateri.

232 2183 310 2250 Non
324 2180 450 2246 humilis
464 2180 554 2246 labor
568 2191 632 2244 est:
649 2181 798 2269 dignum,
822 2182 909 2268 quod
923 2203 1065 2269 quaerere
1078 2205 1178 2264 cures,

233 2288 295 2355 Vel
309 2287 377 2364 tibi,
399 2309 464 2373 quo
478 2285 557 2352 tanti
572 2287 794 2372 praeponderet
807 2286 875 2350 alea
888 2285 954 2350 fati.

235 2393 340 2479 Impia
353 2391 478 2458 laetatur
492 2391 627 2479 vulgatoe
640 2390 770 2458 nomine
784 2389 877 2456 sumre

150 2509 212 2567 605
235 2502 404 2580 Thessalis,
428 2513 460 2567 st
474 2515 599 2568 contro:
624 2501 658 2566 Si
673 2499 736 2564 sata
752 2501 875 2566 minora
888 2521 1038 2578 moveres,

236 2607 380 2674 Pronum
392 2619 471 2684 erat,
493 2629 515 2670 o
524 2606 660 2692 juvenis,
683 2627 761 2690 quos
776 2604 868 2674 velles
882 2606 1011 2691 (inquit)
1025 2607 1059 2670 in
1074 2607 1173 2670 actus·

238 2711 358 2777 Invitos
373 2709 515 2794 praebere
530 2709 627 2776 Deos.
650 2709 834 2775 conceditur
848 2711 919 2788 arti,

236 2814 347 2881 Unam
362 2835 435 2878 cum
449 2811 545 2877 radiis
559 2824 740 2898 presserunt
750 2813 853 2880 sidera
867 2826 1013 2892 mortem,

234 2918 406 2985 Inseruisse
419 2939 540 2982 moras:
564 2928 607 2994 et,
630 2918 771 3005 quamvis
785 2917 893 2984 fecerit
907 2920 1009 2985 omnis

153 3029 218 3088 ⁶10
242 3022 339 3090 Stella
354 3041 470 3098 senem,
493 3022 613 3088 medios
634 3021 739 3106 herbis
753 3024 969 3110 abrumpimus
983 3047 1092 3091 annos.

238 3131 284 3195 At
300 3125 390 3192 simul
405 3149 425 3190 a
439 3125 541 3210 prima
555 3128 716 3194 descendit
731 3129 854 3216 origine
867 3130 980 3195 muudi

239 3231 415 3298 Causarum
427 3230 529 3308 series,
553 3244 647 3318 atque
660 3235 768 3298 omnia
781 3232 845 3298 fata
858 3234 1004 3300 laborant

244 3339 280 3404 Si
296 3338 463 3424 quicquam
477 3347 600 3400 mutare
614 3336 699 3414 velis,
723 3339 849 3423 unoque
863 3337 921 3402 sub
936 3340 1000 3403 ictu

240 3443 312 3508 Stat
325 3463 425 3533 genus
438 3441 632 3508 humanum:
656 3453 742 3518 tuno,
767 3439 919 3506 Thessala
932 3441 1026 3508 turba
1040 3441 1184 3524 fatemur,

122 3644 355 3695 llcmuusramrs
370 3643 448 3693 debet·
481 3644 681 3695 Troilusllnnal.
714 3643 846 3705 Papinius:

134 3723 168 3772 iii.
187 3731 222 3774 12.
242 3729 292 3781 Quo
312 3727 427 3786 pertinuit
449 3727 538 3773 nudare
553 3741 643 3788 comus,
659 3735 681 3776 et
785 3732 1099 3783 lurcopunrruorrssvrrsust.

47 3843 52 3856 .,
134 3808 322 3854 mercloanum
331 3805 395 3866 calgi
405 3805 477 3850 oculr'r
482 3804 632 3863 pensitam?
716 3807 821 3856 Grotius.

55 4308 59 4314 .
140 4264 235 4319 AEueid.

167 3883 222 3934 597.
241 3882 388 3948 Cerrocfem
405 3879 497 3948 metus]
517 3881 682 3928 Parnassum
747 3891 802 3934 603.
820 3909 884 3926 -·-
898 3888 949 3940 Quo
959 3890 1024 3936 tamt
1035 3887 1197 3948 praeponderet
1209 3889 1262 3936 oles

136 3955 294 4022 frrrequoevis
305 3959 375 4016 mola,
395 3957 455 4016 dum
468 3966 532 4005 certa
547 3957 607 4004 mihi
618 3959 684 4020 prius
707 3962 778 4030 fati]
796 3963 843 4012 Vel
854 3964 886 4011 ob
896 3961 959 4011 illud
973 3967 1022 4018 Quo
1033 3961 1202 4026 corrigendum
1220 3977 1263 4021 est,

136 4035 300 4099 explorataque
310 4037 365 4083 sins
400 4033 505 4082 Grotius
739 4057 1206 4116 ..promuraornunnrruesnu

168 4119 292 4162 601.--
299 4117 399 4163 Mortem
407 4115 449 4163 tibi
456 4111 604 4178 cogcjlrterr']
617 4113 685 4161 Mors

187 4191 245 4247 ⁰0³⁴
268 4202 295 4242 r
719 4152 1268 4281 33532125550‘0vl32ulutsust

722 4306 788 4355 Folo.
883 4308 891 4354 i

161 4371 615 4426 mmmmm.
754 4387 809 4433 611.
821 4307 1168 4454 immensuratum&
1179 4383 1268 4446 origum
1336 4431 1339 4436 .
