2924 4986
224 325 297 400 276
511 317 568 394 M.
597 315 802 395 ANNAEI
843 313 1106 396 LUCANI'

333 533 427 601 Illum
441 543 509 600 tota
522 535 638 620 premit
650 533 758 613 moles,
773 529 863 600 illum
877 534 985 600 omnia
997 535 1069 600 tela.

252 645 313 705 190
336 639 433 706 Nulla
446 639 505 706 fuit
519 661 584 706 non
600 653 686 707 certa
700 661 822 719 manus,
834 661 899 706 non
913 639 1023 706 lancea
1036 639 1132 706 ielixr

334 744 460 832 Parque
474 768 591 812 novum
607 743 750 813 Fortuna
763 747 849 812 videt
859 754 1055 835 concurrere,
1069 745 1199 827 bellum,

334 850 441 937 Atque
455 851 566 918 virum.
588 851 678 918 fortis
691 851 809 919 crebris
824 866 915 920 sonat
928 851 1042 920 ictibus
1051 851 1159 931 umbo,

335 954 380 1020 Et
394 955 494 1045 galeoe
507 957 684 1047 fragmenta
698 979 784 1024 oavae
799 979 977 1046 compressa
990 969 1144 1044 perurunt

333 1058 514 1148 Tempora:
538 1063 777 1151 necquicquam
794 1064 887 1128 rintlis
901 1061 1162 1129 vitalibus‘obstat

184 1156 188 1162 ’
253 1168 312 1229 195
333 1163 419 1245 Jam,
434 1179 551 1253 praeter
566 1180 681 1234 stantes
696 1169 730 1232 in
745 1166 874 1234 summis
889 1167 1011 1233 ossibus
1025 1166 1139 1232 hastas.

378 1271 470 1348 Quid
485 1295 571 1339 nunc
584 1273 689 1338 vesani
700 1271 821 1360 jamrlis,
837 1269 1019 1359 levibusque
1033 1271 1153 1360 sagittis

336 1373 472 1442 Perditis
487 1373 627 1443 haesuros
641 1399 805 1465 nunquam
819 1375 963 1442 litulihus
978 1373 1084 1441 ictus?

256 1550 258 1554 ,
337 1485 439 1553 Hunc
453 1498 508 1553 aut
518 1487 675 1554 tortilibus
689 1487 812 1555 vibrata
826 1489 987 1575 phalarica
1000 1487 1105 1553 nervis

338 1591 472 1671 Obruat,
488 1606 543 1658 aut
558 1593 634 1659 vasti
650 1594 783 1659 muralia
796 1593 941 1679 pondera
954 1594 1041 1658 saxi:

247 1699 315 1760 200
336 1695 437 1762 Hunc
452 1699 531 1763 aries
544 1697 638 1775 ferro,
654 1697 836 1782 ballistaque
849 1697 957 1761 limine
972 1707 1075 1783 portae

338 1802 559 1867 Summoveat:
582 1811 644 1868 etat
657 1823 724 1867 non
738 1801 856 1892 fragilis
870 1824 930 1887 pro
947 1801 1073 1868 Caeeare
1087 1821 1207 1878 murus,

334 1905 586 1995 Pompeiumque
599 1917 702 1972 tenet:
720 1908 788 1993 jam
803 1917 931 1992 pectora
945 1927 1011 1971 non
1026 1905 1106 1994 tegit
1119 1905 1233 1971 armis:

334 2010 386 2077 Ac
399 2011 515 2076 veritus
529 2003 617 2077 credi
631 2011 754 2100 clypeo,
769 2011 912 2098 loevaque
931 2033 1065 2088 vacasse,

335 2115 403 2181 Aut
413 2113 506 2202 culpa
519 2115 633 2180 vixisse
647 2109 712 2195 sua,
729 2127 777 2182 tot
791 2109 922 2182 vulnera
935 2112 1011 2182 belli

248 2226 313 2287 205
337 2219 429 2286 Solus
444 2205 731 2307 obit,'densaurque
744 2219 847 2288 ferens
860 2221 895 2286 in
909 2229 1036 2308 pectore
1051 2215 1170 2298 silvam,
1311 2299 1316 2316 ⁸

335 2325 407 2392 Jam
423 2323 573 2414 gradibus
587 2323 683 2405 sessis,
695 2326 729 2390 in
744 2326 838 2413 quem
849 2325 951 2405 cadat,
966 2323 1053 2414 eligit
1066 2323 1202 2404 hostem,

336 2429 401 2495 Par
415 2430 519 2516 pelagi
533 2419 689 2496 monstris.
735 2430 866 2520 Libycae
881 2427 925 2496 sic
939 2429 1044 2497 bellua
1058 2441 1161 2510 terrae,

336 2533 470 2598 Getulus
481 2533 740 2620 densisElephas
754 2557 920 2621 oppressus
935 2531 976 2598 ab
990 2536 1101 2599 armis*

337 2638 443 2703 Omne
457 2659 673 2722 repercussum
689 2639 842 2726 squalenti
857 2639 971 2706 missile
985 2650 1077 2728 tergo

249 2749 314 2808 210
337 2743 480 2831 Frangit,
497 2755 529 2807 et
542 2743 698 2812 haerentes
712 2758 800 2812 mota
815 2757 887 2814 cute
901 2745 1027 2812 discutit
1041 2739 1154 2811 hastas.

334 2847 466 2911 l'iscera
480 2856 547 2912 tnta
560 2847 659 2912 latent
673 2849 810 2933 penitus,
825 2851 966 2937 utraque
980 2870 1125 2918 cruorem

338 2947 484 3014 eonfixae
498 2961 582 3016 stant
595 2951 658 3022 tela
673 2951 768 3018 feroe:
791 2965 839 3020 tot
852 2954 935 3019 facta
949 2954 1079 3042 sagittis,

334 3050 400 3116 Tot
411 3051 532 3137 jaculis,
549 3074 645 3118 unam
660 3063 726 3120 non
741 3057 869 3144 explent
884 3056 1014 3123 vulnera
1024 3067 1168 3125 mortem.
1289 3049 1294 3062 ⁶

334 3157 462 3224 Dictaea
475 3157 586 3243 procul
601 3181 674 3226 ecce
688 3182 784 3228 manu
801 3161 954 3250 Gortynis
969 3162 1093 3230 arundo

251 3270 315 3330 215
338 3261 496 3334 Tenditur
510 3263 544 3328 in
560 3264 713 3346 Sooevam,
726 3289 798 3354 quae
806 3278 882 3334 voto
896 3268 1012 3334 certior
1025 3268 1115 3334 omni

210 3489 214 3497 =
237 3469 776 3520 ommunmnmmmmmunemum
808 3473 916 3522 Furtum
936 3472 1077 3533 nmmum.
1091 3457 1098 3468 '
1111 3469 1169 3520 Hoc
1183 3469 1261 3534 ipom
1276 3467 1351 3520 nuu-

239 3533 330 3579 l'ffl‘
341 3531 463 3581 ‘'mm''
476 3530 603 3580 ‘mm
613 3531 699 3574 ΝΜ
712 3541 776 3572 Μ’·
808 3563 860 3605 nus,
871 3563 952 3596 eoram
962 3548 1039 3597 oeulis
1048 3547 1138 3598 habuit.

272 3595 316 3634 Μ’
843 3629 895 3675 198.
913 3627 991 3676 Hunc
999 3635 1041 3675 aut
1051 3627 1165 3676 tortilibus
1177 3626 1262 3676 nurum
1267 3627 1351 3688 plolo-

224 3688 509 3744 Illlenlmhoeffllfiffl
543 3688 648 3738 Gfflfiul·
808 3703 957 3772 viennense]
974 3705 1081 3753 Falarica
1095 3704 1171 3756 scribe
1187 3720 1202 3752 a
1219 3702 1353 3752 sunites

261 3775 315 3822 192.
331 3769 488 3818 *Fortia
505 3768 590 3818 muris
608 3775 675 3818 tonat
696 3768 777 3816 ictibus
809 3783 919 3832 turribus
953 3782 1028 3831 Notat
1045 3783 1141 3832 Servius
1151 3782 1215 3845 apud
1231 3781 1354 3845 Virgilium

225 3847 315 3913 amn]
332 3845 396 3897 Rite
412 3844 483 3898 illum
499 3847 594 3898 Fortem
610 3846 737 3902 annm
754 3854 779 3893 e
810 3865 902 3914 senor
914 3867 985 3916 mour
996 3865 1126 3930 rumsqur
1137 3865 1210 3914 mem
1220 3863 1352 3926 mamre

119 3961 127 3976 ·
222 3939 318 3988 Μῦν
810 3945 904 3994 tulatus
913 3945 950 3994 sit
983 3943 1193 4008 Sedipsumvide.
1225 3943 1353 3992 monm-

248 4039 325 4084 Parque
332 4035 777 4084 novumrorumavroetaoneurrere,uet1um
809 4029 859 4071 lem
869 4023 908 4071 hic
926 4023 1020 4072 Lucani
1030 4039 1060 4073 ex
1076 4023 1119 4073 illo
1137 4019 1310 4072 AEoeidosviii.
1324 4017 1355 4068 (lt

140 4103 143 4108 ’
251 4096 396 4144 Atqnevuum
408 4097 539 4140 FORTEM:
552 4097 627 4140 welfi·
640 4097 779 4138 ¹⁰th
808 4100 1057 4164 Bitiaexpressusest
1093 4101 1199 4154 Grotius

271 4158 342 4198 um
841 4183 895 4229 204.
913 4204 979 4220 --
994 4182 1038 4232 Tot
1053 4183 1150 4234 vulnera
1159 4179 1211 4228 betti

208 4241 318 4296 'Saum
338 4247 443 4296 Patruus
462 4247 493 4296 de
515 4247 668 4298 Providentia
688 4249 713 4298 ii.
738 4253 774 4297 12
917 4259 983 4308 Solus
1000 4257 1066 4324 obit]
1096 4259 1164 4308 obire
1183 4257 1275 4306 otim
1303 4264 1353 4302 nun

223 4324 342 4394 Ectepur
352 4329 393 4376 deo
403 4330 509 4390 &gaura
522 4327 559 4376 vir
567 4328 635 4380 fortis
644 4346 699 4382 mem
710 4331 775 4380 mata
805 4332 906 4384 memini
917 4349 1018 4402 utquam
1028 4333 1121 4404 legitur.
1156 4331 1260 4399 corrigo·
1275 4323 1278 4330 ¹
