2900 4902
200 363 273 426 212
365 389 372 397 -
499 327 1086 430 M.'ANNAE1LUCAN1-

313 547 482 616 Abscindit
496 562 616 618 nostroe
628 551 765 620 multum
780 573 849 619 sors
859 551 967 620 invide
980 553 1079 633 laudi,

314 655 412 733 Quod
426 679 491 724 non
506 681 580 727 cum
594 659 720 726 senibus
732 659 819 745 capti
834 659 978 746 natisque
992 672 1146 728 tenemur.

226 768 289 826 505
312 761 490 829 Indomitos
505 765 582 832 sciet
597 786 663 830 esse
677 765 771 842 viros,
787 763 1121 852 timeatquefurentes,
1172 847 1179 856 ,
1224 771 1232 780 '

315 866 360 941 Et
373 869 468 934 morti
489 868 595 936 faciles
609 870 742 940 orfimes:
758 881 791 936 et
804 869 941 958 gaudent
950 869 1048 938 hostis

210 1007 212 1012 .
319 973 395 1038 Non
410 973 517 1061 plures
527 974 653 1042 haesisse
667 991 759 1042 rates.
775 986 897 1042 tentare
911 975 1070 1061 parabrmt

316 1073 511 1166 Foederibns,
525 1089 674 1174 turpique
688 1087 795 1154 volent
809 1109 1013 1174 corrumpere
1026 1089 1099 1154 vite.

261 1212 267 1216 “
318 1196 351 1262 Ο
366 1199 497 1278 utinam,
514 1223 578 1287 quo
592 1202 664 1286 plus
678 1200 794 1266 habeat
808 1223 893 1266 mors
905 1202 1000 1267 unice
1019 1202 1121 1280 famae,

229 1305 294 1365 510
318 1301 512 1370 Promittant
526 1307 801 1392 veniamjubeant
816 1318 942 1392 sperare
953 1307 1097 1372 salutem:

316 1407 451 1488 Nenos,
468 1431 541 1476 cum
556 1410 661 1476 calido
676 1411 831 1478 fodiemus
841 1412 959 1478 viscera
971 1411 1066 1490 ferro,

314 1513 506 1600 Desperasse
520 1528 642 1603 putent.
658 1539 773 1604 magne
784 1516 900 1582 virtute
914 1515 1099 1584 merendum
1110 1527 1167 1597 est,

320 1619 428 1686 Caeser
443 1634 488 1700 ut,
506 1622 627 1687 amissis
642 1623 724 1686 inter
737 1634 784 1687 tot
794 1621 893 1686 millia
903 1623 1023 1708 paucis,

317 1723 394 1789 Hoc
409 1726 572 1806 damnum,
588 1726 771 1813 clademque
789 1727 982 1805 vocet-dent
993 1725 1057 1792 fata
1071 1746 1235 1805 recessum,

232 1833 296 1890 515
321 1827 539 1917 Emittantque
555 1832 640 1910 licet,
656 1833 756 1897 vitare
769 1832 918 1898 instantis
926 1831 1034 1898 nolim.

318 1931 440 2018 Projeci
456 1935 562 2013 vitam,
580 1937 721 2015 comites,
738 1948 884 2022 totusque
898 1934 1022 1999 fntnroer

213 2064 216 2068 ·
318 2037 435 2104 Mortis
450 2063 529 2129 agor
543 2043 687 2107 stimulis:
703 2041 792 2107 furor
806 2053 861 2106 est
879 2060 1048 2129 agnoscere
1063 2038 1135 2104 solis
1194 2083 1199 2090 »
1275 2095 1278 2102 .

318 2144 508 2210 Permissum
525 2159 580 2225 est,
598 2171 675 2234 quos
686 2149 755 2233 jam
770 2146 871 2234 tangit
885 2145 1001 2210 ricinia
1016 2141 1082 2222 fati,

270 2299 278 2308 ,
316 2249 526 2339 Victurosque
540 2252 592 2318 dei
607 2253 723 2332 celant,
736 2265 771 2317 ut
789 2252 893 2318 vivere
907 2249 1040 2328 durent*

231 2361 295 2419 520
318 2355 409 2420 Felix
424 2380 490 2422 esse
505 2359 595 2422 mori.
643 2359 696 2423 Sic
711 2369 839 2423 cunctus
855 2355 978 2420 sustulit
993 2353 1089 2420 ardor

316 2461 483 2528 Nobilium
499 2477 619 2528 mentes
624 2463 789 2547 juvenum:
806 2483 879 2525 cum
890 2460 994 2524 sideru
1009 2459 1093 2538 coeli,

315 2564 402 2630 Ante
417 2566 505 2630 ducis
521 2588 621 2642 voces,
638 2566 735 2630 oculis
749 2563 953 2628 humentibus
968 2584 1078 2628 omnes

321 2669 522 2754 Aspicerent,
535 2669 682 2756 flexoque
693 2670 788 2735 Ursoe
803 2680 930 2733 temone
944 2679 1106 2754 paverent,
1130 2701 1132 2708 ·
1177 2713 1185 2722 -

321 2772 434 2852 Iidem,
451 2798 523 2863 cum
539 2774 636 2842 sortes
647 2776 769 2842 animos
786 2785 947 2861 praecepta
961 2773 1126 2850 subissent,

229 2885 291 2944 525
317 2879 477 2965 Optavere
491 2881 586 2946 diem.
601 2904 661 2946 nec
676 2883 779 2971 segnis
793 2903 935 2970 mergere
949 2890 1050 2966 ponto

315 2983 411 3048 Tunc
422 2997 490 3049 erat
503 2999 587 3051 astro
600 2988 704 3073 polus:
720 3010 795 3052 nom
810 2985 857 3050 sol
873 2985 991 3050 ledaea
1004 2984 1132 3051 tenebat

321 3086 441 3166 Sidera,
458 3089 561 3154 vicino
573 3111 645 3156 cum
660 3091 718 3156 lux
732 3091 880 3156 altissime
897 3089 1023 3154 Cancro
1037 3103 1097 3155 est:

319 3191 397 3258 Nox
411 3204 479 3258 tum
496 3193 691 3263 Thessalicas
706 3197 838 3286 urgebat
852 3216 950 3281 parva
965 3195 1103 3284 sagittas.
1178 3237 1180 3244 ›

319 3297 453 3388 Detegit
465 3311 535 3367 orte
549 3301 616 3396 dies
630 3315 747 3368 stantes
762 3303 796 3366 in
812 3300 944 3386 rupibus
960 3301 1069 3377 Istros,

174 3454 181 3468 .
232 3410 298 3471 500
323 3403 554 3494 Pugnacesque
564 3409 646 3476 mari
662 3408 761 3476 Greia
772 3429 845 3472 curn
860 3407 956 3472 classe
970 3403 1140 3472 Liburnos.

208 3551 211 3564 t
468 3499 471 3506 Ι
1141 3518 1225 3566 tetka
1229 3503 1315 3564 round
1323 3493 1398 3599 yffi}

238 3608 295 3656 511.
313 3605 353 3656 Ne
364 3599 412 3662 nol,
423 3623 478 3656 eum
488 3611 563 3658 calido
572 3609 700 3674 fodiemus
715 3612 762 3660 air·
794 3605 896 3656 codices:
906 3605 1085 3672 sedlegendurn
1092 3622 1142 3657 esse
1149 3603 1334 3660 truttmunt.

121 3672 122 3680 ἵ
206 3702 261 3735 cero
275 3685 369 3751 fian]
389 3686 506 3736 Meliores
523 3688 617 3738 codices
634 3687 762 3738 noum.
793 3686 877 3746 probat
895 3684 960 3748 quod
978 3700 1036 3734 mox
1059 3684 1173 3748 sequitur.
1212 3685 1277 3732 Ante
1292 3683 1335 3730 het

208 3761 292 3812 MUS.
793 3765 864 3812 verbe
881 3765 1009 3812 horrebant
1028 3773 1131 3812 mortem
1150 3772 1174 3812 et
1184 3762 1249 3811 diem
1263 3757 1335 3811 orwi-

240 3843 297 3890 519.
321 3842 469 3906 Victurosque
487 3844 527 3891 ἀει·
543 3846 625 3902 celant,
645 3855 672 3894 ut
688 3848 761 3896 nivere
793 3850 954 3902 num,postea
973 3843 1123 3903 exoptabant
1158 3841 1223 3890 Sane
1240 3853 1281 3889 cur
1290 3838 1334 3886 No·

345 3922 437 3978 duraret,
793 3921 850 3968 biles
859 3919 972 3969 dicuntur
989 3935 1016 3968 ru
1040 3917 1194 3976 'corumfflit
1211 3914 1336 3967 nonrideo·

312 3997 382 4046 Μὶν
388 4014 436 4048 erre
441 3999 521 4064 mom]
533 3998 682 4050 tunsionum
695 4003 763 4052 Aris.
796 3997 867 4046 Ouid.
879 3929 1122 4048 Heroidnilllrotuts
1131 3999 1253 4052 AEsonide
1263 4009 1335 4045 mm·

207 4069 287 4119 tctelis
307 4087 380 4135 quem
396 4075 473 4124 adfert
491 4075 635 4128 Plutarchus
653 4080 761 4129 consola·
794 4089 838 4139 qne
849 4079 1038 4128 incertiorem.

206 4146 273 4196 tione
283 4147 314 4196 ed
326 4149 491 4211 Apollonium,
502 4155 544 4202 nbi
555 4157 610 4213 hoc,
619 4158 686 4206 velut
695 4173 761 4206 erce-
827 4159 883 4203 523.
898 4181 965 4195 --
980 4158 1094 4218 Frenaque
1119 4144 1289 4204 ursoe'rmnr
1297 4161 1336 4210 pfl·

206 4241 277 4286 num,
290 4226 368 4288 prodit
380 4230 481 4280 Silenus
517 4233 621 4284 Grotius
793 4231 900 4300 verente]
916 4232 989 4290 Quod
998 4233 1097 4297 signum
1114 4241 1166 4282 erat
1181 4221 1337 4294 precipitari·

240 4307 297 4354 sto
313 4308 535 4359 -Stccuncrar
545 4315 719 4365 restaurarem
793 4308 876 4360 rocus
910 4310 1045 4362 Anacreon·

306 4383 431 4435 Nobilium
454 4389 700 4458 menterjuvenumr]
722 4392 763 4444 Sic
