2900 4902
390 279 755 408 rnlnslnrm
791 325 905 404 Lm..
934 329 987 404 „u
1174 341 1243 404 241

215 535 401 624 Sanguinis?
422 536 472 602 his
485 536 560 602 ferri
573 561 671 628 grave
679 538 732 625 jus
747 537 825 604 erit?
847 539 913 626 ipse
927 561 985 626 per
999 562 1094 606 omne

216 645 339 732 Fasque
353 644 502 733 nefasque
516 644 606 710 rues?
628 646 754 726 lassare,
771 659 802 713 et
816 646 902 712 disce
915 649 982 712 sine
998 649 1093 712 armis

212 748 307 822 Posse
321 751 399 835 pati:
422 749 513 816 liceat
527 750 678 816 scelerum
693 751 751 816 tibi
766 773 885 838 ponere
896 750 1002 816 finem.

17 903 18 906 η
131 860 190 920 315
215 855 313 931 Soem,
330 853 407 940 quid
421 853 611 942 insequeris?
632 855 709 944 quid
719 857 787 942 jam
802 857 981 922 nolentibus
994 853 1110 924 instas?

17 955 18 968 l
216 958 341 1024 Bellum
358 971 388 1022 te
402 958 493 1024 civile
506 959 597 1049 fugit.
614 962 698 1028 stetit
713 982 828 1050 aggere
841 960 937 1026 firltus
989 1029 991 1036 ,

213 1063 356 1150 Cespitis,
371 1063 547 1150 intrepidus
562 1064 660 1144 vultu,
676 1065 853 1151 meruitque
868 1065 973 1129 timeri

212 1167 289 1232 Non
305 1179 457 1233 metuens:
481 1180 576 1258 atque
589 1170 660 1234 baec
674 1171 723 1237 ira
737 1170 876 1235 dictante
890 1170 1045 1256 profatur:

254 1275 321 1352 Qui
336 1276 432 1342 modo
447 1279 481 1342 in
495 1279 657 1346 absentem
671 1278 770 1356 vultu,
786 1277 961 1364 dextraque
975 1277 1112 1358 furebas,

129 1386 190 1444 330
213 1379 320 1459 Miles,
335 1379 432 1446 babes
447 1383 580 1462 nudum,
596 1396 821 1471 promtumque
835 1381 876 1446 ad
891 1383 1022 1448 vulnera
1036 1395 1156 1470 pectus.
1195 1443 1204 1456 ,

212 1483 289 1563 Hic,
305 1484 389 1574 fuge,
406 1487 432 1550 si
446 1487 521 1552 belli
535 1488 608 1554 finis
618 1487 733 1574 placet,
749 1510 823 1554 ense
837 1487 956 1552 relicto.

212 1591 339 1680 Detegit
351 1591 492 1658 imbelles
506 1593 629 1658 animos
643 1593 688 1658 nil
702 1593 825 1658 fortiter
838 1616 915 1658 ausa

209 1696 338 1775 Seuius,
354 1709 541 1784 tantumque
553 1697 661 1788 sugam
677 1699 828 1766 meditata
837 1700 999 1784 juventus,

211 1801 261 1867 Ac
275 1801 365 1866 ducis
379 1802 487 1866 invicti
502 1803 595 1868 rebus
609 1802 721 1870 lassata
736 1803 890 1868 secundis.

128 1913 190 1972 325
213 1907 339 1986 Vadite,
354 1930 466 1994 meque
480 1909 561 1974 meis
573 1908 615 1974 ad
630 1909 711 1976 bella
725 1909 892 1997 relinquite
906 1907 989 1972 fatis:

211 2013 377 2080 invenient
390 2012 460 2078 boec
474 2035 563 2078 arma
578 2033 699 2094 manus,
715 2013 866 2101 vobisque
880 2012 1013 2098 repulsis

89 2108 93 2114 ’
176 2149 179 2155 ·
209 2116 276 2183 Tot
290 2116 402 2182 reddet
418 2116 561 2182 Fortuna
575 2117 669 2196 viros,
684 2129 761 2204 quot
775 2117 839 2184 tela
850 2117 1020 2182 ,vacabunt

208 2225 304 2289 Anne
317 2221 425 2310 fugam
442 2220 558 2309 Magni
571 2234 660 2288 tanta
673 2243 746 2288 cum
759 2222 858 2286 classe
871 2232 1045 2308 sequnntur

209 2327 377 2414 Hesperiae
390 2338 511 2416 gentse,
526 2327 618 2392 nobis
632 2327 762 2392 victoria
776 2325 903 2392 turbam

124 2441 187 2500 330
209 2433 286 2500 Non
301 2433 401 2512 dabit,
417 2430 545 2517 impulsi
559 2445 681 2500 tantum
696 2455 768 2520 quae
782 2431 915 2518 praemia
930 2429 1002 2495 belli

209 2535 354 2616 Auferat,
370 2549 402 2602 et
416 2537 510 2602 vestri
525 2551 616 2624 rapta
629 2537 775 2622 mercede
787 2535 914 2615 laboris,

210 2643 393 2710 Lauriferos
407 2641 495 2708 nullo
510 2643 676 2710 comitetur
689 2642 818 2708 vnlnere
833 2637 962 2706 currus?
1041 2641 1045 2648 '

209 2750 276 2815 Vos
290 2748 412 2814 defecta
425 2769 527 2828 senes,
542 2748 756 2834 exhaustaque
770 2747 924 2835 sanguine
939 2745 1032 2810 turba

210 2854 353 2921 Cernetis
367 2864 493 2920 nostros
501 2853 568 2938 jam
583 2849 690 2940 plebes
708 2853 854 2918 Romana
869 2851 1055 2937 triumphos.

122 2967 185 3026 335
209 2958 343 3028 Caesaris
357 2979 399 3024 an
414 2979 523 3024 cursus
537 2972 648 3042 vestras
662 2959 777 3024 sentire
790 2957 908 3047 putatis

209 3065 375 3132 Damnum
391 3086 482 3150 posse
496 3061 600 3153 sugoe?
622 3065 716 3132 veluti
731 3065 757 3130 si
772 3075 886 3132 cuncta
905 3063 1068 3130 minentur

103 3293 199 3343 Putrem
215 3293 358 3356 palaepoli
373 3291 425 3340 sine
445 3292 523 3340 liberis
538 3293 624 3354 posse?
636 3302 662 3341 ct
718 3295 774 3342 ³15.
791 3295 860 3345 Seue.
880 3293 940 3354 quid
951 3290 1098 3354 insequeris?
1118 3293 1175 3355 qu't'd
1185 3293 1244 3355 jam

104 3371 253 3434 paulopost:
274 3387 321 3419 non
338 3387 435 3434 possam
454 3373 505 3420 siae
523 3379 545 3419 te
559 3373 621 3436 pati.
636 3379 662 3418 et
685 3367 929 3432 notenttmsrnaasr]
957 3367 1039 3416 Codex
1061 3367 1162 3432 Regius,
1178 3373 1242 3426 Quid

103 3447 261 3497 conmoversia
272 3446 366 3496 decima
379 3446 433 3496 libri
444 3447 566 3511 ejusdem:
592 3435 660 3497 Potes
685 3447 775 3495 TAM.

103 3529 152 3594 sine
162 3529 212 3577 uiro
222 3528 283 3589 pati.
293 3523 359 3590 quod
370 3534 394 3576 et
405 3526 431 3573 in
443 3525 560 3590 excerptis
571 3525 660 3591 legitur
718 3531 775 3575 316.
793 3527 888 3575 Bellum
907 3532 930 3572 te
947 3525 1109 3594 ciuilesugr't.]
1125 3524 1245 3574 Praetnle·

104 3603 283 3656 eodemmodo.
317 3603 374 3666 Ipse
385 3603 449 3652 infra
464 3605 593 3655 Lucanum
685 3601 740 3661 rim,

221 3707 487 3760 mmmmm,
780 3690 861 3730 Bellum
870 3692 1042 3741 emeruerunt.

103 3800 166 3850 Haec
186 3799 271 3849 omnia
290 3807 348 3848 ms
365 3797 512 3848 unium&
554 3797 659 3846 Grospus·
686 3779 750 3828 Iler
760 3777 913 3844 argutissima
931 3789 993 3836 sunt,
1006 3773 1244 3838 etLucaniingenlo

103 3874 661 3938 CodoxAffllminpmmmgscpj,
686 3857 772 3921 digne:
792 3857 875 3906 Liceat
896 3873 938 3921 per
957 3869 987 3915 te,
1009 3857 1100 3916 Caesam
1118 3855 1180 3902 bone
1201 3863 1244 3902 tua

101 3955 199 4006 LEM,
244 3955 318 4006 Unde
335 3965 422 4018 ,pom
439 3953 547 4004 mitur
565 3953 661 4018 „gregia
686 3938 762 3991 venia,
782 3935 854 3984 liceat
873 3936 961 3985 Sceleri
980 3935 1026 3984 sibi
1042 3933 1117 3982 finem
1136 3941 1240 3996 ponere:

99 4035 232 4096 autentim
686 4013 777 4063 bellum
793 4023 822 4062 ut
840 4013 912 4071 vides,
930 4013 1002 4062 civile
1020 4027 1047 4061 se
1066 4011 1147 4074 ipsum
1165 4010 1244 4074 fugit:

250 4121 252 4128 ι
506 4117 510 4123 -
686 4094 733 4156 ipsi
754 4093 844 4142 milites
866 4093 969 4142 victoriis
992 4101 1017 4141 et
1041 4090 1169 4140 sceleribus
1188 4090 1246 4140 lassi

149 4145 224 4186 Iterat
237 4145 346 4188 CELERI
356 4146 417 4188 sm
423 4155 499 4197 ponere
512 4146 582 4186 finem.
687 4171 826 4219 missionem
836 4180 932 4234 petunt·

103 4242 128 4282 Bt
139 4233 224 4284 eodem
236 4233 317 4292 ductu,
328 4234 367 4284 vii·
379 4239 436 4286 558·
716 4255 773 4299 328.
788 4266 856 4293 -ι-
869 4252 946 4302 Tanta
962 4248 1015 4302 cuni
1032 4251 1106 4300 classe
1116 4256 1247 4312 sequuntur

150 4335 553 4391 Nefflnfflwleemtscnws.
790 4331 913 4396 Hesperia
932 4328 1035 4397 gentes]
1053 4327 1155 4379 variant
1173 4324 1245 4376 Codi-

633 4407 661 4458 H
676 4409 694 4457 b

1280 4455 1284 4478 ·
