2984 5022
184 332 293 396 420‘
487 315 545 390 Μ.
580 311 791 392 ANNAEI
824 309 1039 388 LUCANI

298 516 349 582 Te
362 515 511 605 generisi
532 539 592 584 nec
605 527 681 584 aata
690 516 781 602 jubet
795 537 939 593 moerere,
955 518 1144 604 neposque?

180 631 276 690 1050
297 621 410 689 Credis
426 621 512 708 apud
526 623 660 709 populos
677 621 822 708 Pompeii
836 642 953 686 nomen
967 635 1109 689 anantes

300 729 378 795 Hoc
392 729 500 794 castris
513 727 662 814 prodesse
676 725 762 792 tuis?
783 727 912 792 fortasse
928 729 1055 813 tyranni

301 837 457 924 Tangeris
471 835 600 912 invidia,
611 834 762 921 ¹captique
775 834 810 898 in
824 835 942 898 viscera
965 832 1080 922 Magni

302 941 380 1007 Hoc
394 940 446 1006 alii
461 939 695 1022 licuissedolea,
719 939 920 1025 quererisque
929 927 1052 1022 perisse

302 1045 488 1110 Vindictam
502 1044 587 1123 belli,
603 1055 792 1130 raptumque
807 1044 906 1128 ejure
920 1043 1048 1128 superbi

198 1160 280 1219 1055
304 1149 444 1217 Victoris
458 1171 620 1239 generum.
644 1149 783 1236 quisquis
798 1160 829 1214 te
842 1147 918 1212 llere
933 1147 1036 1234 co'e'git

254 1279 260 1292 ·
304 1257 457 1342 Impetus,
471 1280 493 1320 a
507 1277 580 1320 vera
593 1254 688 1343 longe
702 1254 819 1339 pietate
833 1252 969 1318 recessit.

307 1358 436 1426 Scilicet
447 1358 630 1424 hocanimo
645 1370 755 1436 terras,
772 1369 866 1444 atque
880 1379 1011 1444 aequora
1025 1356 1150 1439 lustras,

302 1464 428 1530 Necubi
443 1486 625 1549 suppressus
639 1476 748 1550 pereat
762 1485 881 1551 gener..
893 1487 913 1526 ο
928 1463 1008 1528 bene
1021 1475 1113 1549 rapta

217 1563 220 1568 ’
305 1569 449 1634 Arbitrio
464 1590 549 1632 mors
564 1570 623 1634 ista
638 1580 694 1634 tuo
709 1566 715 1632 !
741 1590 837 1654 quam
850 1589 968 1656 magna
982 1568 1100 1634 remisit

200 1679 284 1738 1060
308 1673 452 1739 Crimina
468 1673 617 1738 Romano
631 1673 727 1738 tristis
743 1673 885 1738 Fortuna
899 1672 1024 1759 pudori,

309 1779 408 1856 Quod
423 1792 454 1844 te
469 1802 535 1845 uon
550 1804 641 1867 passa
655 1793 702 1846 est
716 1781 866 1858 misereri,
883 1779 1012 1866 perfide,
1029 1780 1144 1870 Magni
1216 1791 1220 1800 '

257 1926 260 1934 s
307 1883 471 1950 Viventis!
496 1907 556 1950 nec
570 1907 636 1948 non
650 1885 700 1949 his
714 1881 817 1950 fallere
832 1886 960 1950 vocibus
975 1886 1080 1964 audes,

264 1995 267 2002 ’
310 1988 519 2076 Aequirisque
532 1989 631 2055 fidem
646 1990 782 2056 sinuati
797 1989 900 2056 fronte
915 1991 1041 2057 doloris.

353 2095 454 2161 Aufer
468 2094 509 2160 ab
524 2109 651 2181 aspectu
666 2109 775 2162 nostro
790 2097 923 2176 fimesta,
942 2096 1072 2175 satelles,

93 2263 98 2268 .
206 2206 289 2265 1065
314 2201 413 2290 Regis
427 2202 513 2267 dona
527 2203 592 2266 tui:
614 2204 702 2289 pejus
717 2203 758 2267 de
774 2202 901 2268 Caesarc
914 2215 1061 2280 vestrum,

312 2307 421 2383 Quam
436 2307 477 2372 de
493 2306 648 2392 Pompeio
663 2309 779 2373 meruit
793 2308 902 2386 scelus,
918 2307 1014 2372 unica
1027 2305 1097 2372 belli

312 2403 451 2478 Praemia
465 2412 572 2489 civilis,
587 2413 811 2478 victisdonare
826 2413 966 2491 salutem,

314 2516 526 2582 Perdidimus.
542 2517 669 2604 quodsi
686 2517 804 2582 Phario
818 2539 971 2604 germana
984 2530 1119 2604 tyranno

314 2621 391 2687 Non
405 2623 505 2688 invisa
519 2621 610 2701 foret,
626 2623 796 2709 potuissem
813 2622 946 2688 reddere
959 2625 1037 2712 regi,

207 2729 291 2791 1070
314 2728 413 2805 Quod
428 2730 564 2806 meruit3
588 2727 739 2815 fratrique
754 2740 844 2793 tuum
858 2751 920 2814 pro
934 2729 1064 2795 munere
1078 2728 1135 2793 tali

317 2833 488 2914 Misissem,
506 2834 686 2920 Cleopatra,
703 2845 808 2920 caput.
831 2833 950 2898 secreta
964 2834 1042 2920 quid
1056 2855 1143 2898 arma

317 2938 434 3018 Movit,
453 2950 484 3004 et
498 2941 630 3004 inseruit
645 2951 754 3004 nostro
769 2961 825 3004 sua
840 2939 902 3004 tela
916 2937 1035 3003 labori?
1086 2987 1091 3006 .

316 3041 406 3131 Ergo
420 3045 454 3106 in
471 3042 661 3108 Thessalicis
678 3042 794 3108 Pellaeo
809 3042 938 3108 fecimus
953 3043 1050 3106 arvis.

316 3147 338 3212 J
339 3171 375 3212 us
390 3145 524 3236 gladic?
546 3149 657 3212 vestris
673 3149 805 3235 quoesita
818 3147 945 3212 licentia
959 3143 1091 3236 regnis?

210 3253 291 3317 1075
315 3252 392 3325 Non
407 3253 541 3318 tuleram
557 3251 715 3342 Magnum
731 3257 856 3318 mecum
872 3252 1019 3316 Romana
1033 3260 1213 3339 regentem:

204 3339 209 3350 .
317 3357 377 3436 Te,
395 3357 576 3437 Ptolemaee,
592 3357 717 3424 feram?
739 3357 854 3424 frustra
869 3357 1012 3423 civilibus
1026 3357 1122 3422 armis

260 3451 262 3459 l
318 3461 506 3529 Miscuimus
520 3477 641 3552 gentes,
657 3465 683 3529 si
698 3487 761 3552 qua
775 3475 823 3528 est
836 3461 898 3528 hoc
912 3462 990 3530 orbe
1003 3472 1139 3548 potestas

319 3568 439 3646 Altera,
455 3591 552 3656 quam
568 3569 694 3634 Caesar:
718 3569 744 3632 si
758 3567 850 3633 tellus
864 3567 929 3631 ulla
943 3567 1082 3632 duorum
1095 3576 1151 3630 est.

318 3672 489 3740 Vertissem
506 3674 614 3740 Latias
630 3697 649 3738 a
663 3685 766 3738 vestro
780 3673 887 3737 littore
901 3695 1031 3757 proras:

211 3779 295 3841 1080
321 3779 432 3844 Famae
448 3802 525 3846 cura
539 3791 633 3858 vetat,
649 3802 690 3844 ne
704 3801 770 3844 non
786 3772 951 3843 damnasse
964 3788 1140 3854 cruentam,

322 3883 385 3948 Sed
401 3885 510 3950 videar
525 3884 663 3950 timuisse
680 3883 820 3950 Pharon.
842 3906 901 3950 nec
915 3882 1021 3950 fallere
1034 3906 1089 3948 vcs
1104 3903 1155 3946 me

209 4084 366 4135 dissimularat
376 4089 493 4149 gaudium
505 4104 574 4152 qaam
586 4098 679 4138 metum.
698 4089 760 4138 Gro-
829 4093 975 4146 1080-
982 4090 1098 4136 Scictbcc
1107 4100 1152 4148 pro
1162 4085 1228 4132 aa&
1235 4093 1362 4148 tmnnus

88 4227 92 4235 Ι
209 4161 264 4209 tius·
847 4153 849 4159 Ι
910 4171 956 4216 Nil
971 4168 1103 4229 veniaplus
1117 4163 1272 4230 posteriori]
1286 4165 1363 4214 Curt.

242 4245 312 4289 1065.
323 4242 560 4310 Aequirisquefidam
571 4249 676 4295 simulati
675 4247 764 4311 from
794 4247 811 4295 l.
822 4245 870 4294 viii.
882 4247 1001 4310 Illefiactc
1013 4248 1179 4308 impunitatem
1191 4245 1265 4300 dedit,
1284 4247 1365 4293 bonc-

209 4319 313 4386 doloris]
331 4321 466 4370 Persuades
483 4331 507 4370 te
526 4325 588 4372 serio
600 4324 688 4383 dolere,
704 4341 764 4375 cum
796 4341 844 4375 ram
863 4325 1105 4388 dersegcviteremplo.
1138 4319 1250 4370 Grotius.

210 4398 236 4445 id
247 4397 315 4447 vultu
327 4407 421 4448 tantum
433 4399 539 4450 simules.
573 4403 681 4452 Grotius.
