2900 4902
206 306 277 374 rsa
463 294 522 376 M.
549 291 757 374 ANNAEI
795 292 1027 377 LUCANI

225 510 290 574 700
313 508 499 582 Adductum
514 509 638 596 quoties
652 531 719 577 nou
733 522 871 577 senserat
885 533 1003 578 ancora
1016 510 1133 580 funem.

314 614 383 682 Hic
393 613 448 678 nbi
463 635 678 700 compressum
691 615 815 700 penitus
827 615 1002 682 deduxerat
1015 615 1149 698 hostem,

311 718 424 784 Victor
436 731 468 784 et
481 719 646 790 incolumis
661 739 798 784 summas
813 719 973 786 remeabat
985 721 1020 784 in
1030 721 1144 802 undas,

314 823 378 889 Sed
393 845 426 890 se
440 845 497 910 per
506 833 621 890 vacuos
635 823 736 888 credit
749 822 827 890 duur
841 849 969 914 surgere
982 825 1106 906 fluctus,

314 927 479 1021 Puppibus
494 929 643 1008 occurrit,
660 927 851 1016 tandemque
865 931 923 994 sub
937 951 1065 1017 aequore
1078 932 1203 1002 mansit.

226 1035 290 1100 705
315 1034 365 1100 Hi
379 1055 474 1120 super
484 1033 635 1100 hostiles
621 1047 766 1121 jecerunt
779 1034 909 1102 brachia
923 1058 1039 1116 remos,

276 1131 358 1204 Et
372 1139 488 1208 ratium
502 1151 631 1206 tenuere
643 1138 760 1228 fugam.
807 1140 881 1208 Non
898 1141 1030 1226 perdere
1043 1140 1141 1208 letum

314 1243 462 1313 Maxima
473 1267 550 1311 cura
562 1244 632 1323 fuit,
648 1245 765 1316 multus
780 1268 835 1309 sua
849 1246 980 1312 vulnera
992 1247 1095 1332 puppi

314 1349 428 1421 Affixit
438 1351 587 1429 moriens,
604 1362 637 1416 et
650 1351 758 1417 rostris
772 1349 901 1416 abstulit
913 1351 1005 1420 ictus.

358 1447 502 1524 Stantem
516 1455 643 1522 sublimi
658 1452 861 1542 Tyrrhenum
876 1455 1014 1522 culmine
1026 1477 1132 1541 prorae

224 1560 289 1626 710
311 1561 496 1650 Lygdamus
511 1584 640 1630 excussa
656 1561 796 1632 Balearis
805 1573 906 1628 tortor
920 1560 1055 1628 habenae

312 1665 439 1732 Glande
453 1677 572 1752 petens,
589 1664 690 1732 solido
704 1665 798 1754 fregit
811 1689 888 1734 cava
902 1679 1047 1755 tempora
1061 1667 1189 1756 plumbo

312 1773 447 1844 Sedibus
461 1771 595 1856 expulsi,
609 1784 775 1860 postquam
790 1786 885 1838 cru'or
899 1775 1007 1840 omnia
1020 1776 1106 1862 rupit
1125 1757 1128 1763 ”

314 1877 462 1955 Vincula,
477 1875 692 1962 procumbunt
706 1870 801 1944 oculi:
819 1891 881 1944 stat
894 1879 1014 1947 lumine
1026 1893 1120 1968 rapto

312 1985 487 2063 Attonitus,
502 1983 675 2072 mortisque
689 1983 757 2074 illas
769 1996 861 2070 putat
873 2009 939 2050 esse
952 1988 1106 2056 tenebras.

225 2092 290 2158 715
312 2091 360 2156 At
374 2097 541 2177 postquam
556 2089 814 2156 membris'sensit
824 2103 969 2158 constare
981 2093 1134 2183 vigorem,

315 2195 392 2274 Vos,
402 2194 458 2273 ait,
474 2217 495 2260 o
509 2194 595 2270 socii,
612 2194 692 2260 sicut
702 2205 860 2261 tormenta
873 2197 987 2276 soletis,

314 2300 374 2368 Me
383 2321 511 2388 quoque
524 2294 685 2365 mittendis
699 2311 820 2366 rectum
834 2301 1014 2386 componite
1027 2301 1106 2368 telis.

316 2407 424 2497 Egere
437 2404 525 2492 quod
541 2417 681 2490 superest
695 2406 822 2482 animae,
834 2404 1013 2494 Tyrrhena,
1028 2429 1086 2493 per
1100 2429 1210 2476 omnes

314 2513 476 2580 Bellorum
493 2531 590 2576 casus.
605 2510 769 2598 ingentem
780 2510 886 2576 militis
901 2535 994 2576 usum

229 2624 293 2687 770
317 2618 395 2684 Hoc
408 2614 506 2680 habet
520 2637 561 2678 ex
575 2636 691 2702 magna
705 2615 888 2681 defunctum
899 2627 989 2702 parte
1003 2617 1149 2684 cadevera

314 2721 458 2789 Viventis
471 2719 582 2786 feriere
595 2719 676 2786 loco.
692 2720 831 2790 sic-fatus
845 2722 880 2786 in
894 2719 1017 2788 hostem
1183 2729 1186 2736 '

316 2829 415 2895 Coeca
428 2826 490 2892 tela
504 2847 613 2904 manu,
629 2825 684 2890 sed
698 2848 764 2891 non
779 2838 885 2893 tamen
900 2828 989 2892 irrita
1002 2828 1108 2894 mittit.

245 2940 251 2957 “
314 2933 446 3020 Excipit
455 2931 525 2996 haec
534 2931 658 3016 juvenis
671 2930 815 3019 generosi
829 2933 990 3021 sanguinis
1005 2932 1123 3020 Argus,

316 3039 392 3117 Qua
401 3038 468 3124 jam
482 3058 549 3100 non
564 3035 686 3100 medius
701 3035 861 3102 descendit
876 3038 978 3102 inilia
993 3050 1111 3115 venter,

228 3150 292 3214 ms
315 3143 510 3232 Adjuvitque
524 3164 581 3206 suo
595 3142 807 3228 procumbens
821 3142 964 3230 pondere
977 3143 1106 3209 ferrum.

362 3249 474 3318 Stabat
488 3247 612 3314 diversa
626 3249 717 3314 victae
726 3251 795 3336 jam
808 3261 901 3336 porte
915 3250 1032 3316 carinae
1146 3279 1148 3284 ·

314 3355 430 3424 Infelix
444 3355 526 3444 Argi
539 3355 675 3443 genitor,
690 3363 770 3440 (non
784 3354 837 3420 ille
845 3355 986 3441 juventae

314 3463 476 3552 Tempore
491 3461 656 3526 Phocaicis
670 3460 728 3526 ulli
743 3445 885 3527 cessurus
899 3460 933 3524 in
948 3457 1058 3524 armis:

207 3686 305 3734 drumm
322 3681 427 3771 domem]
446 3676 702 3744 COMPRENSUM
719 3677 761 3727 ulii
826 3680 882 3726 754.
899 3678 1072 3727 Distentt'rtoto
1082 3673 1169 3742 riguit]
1187 3665 1335 3738 Ptaoetquod

203 3752 1344 3826 eodioea,quod's1nedubropraeferendumsliicodrceahabontDISTENSIS.lbt·

239 3845 296 3890 7³0.
311 3865 377 3878 —-
390 3836 528 3898 uersuum
538 3838 593 3892 uiso,
604 3859 672 3875 -
793 3852 832 3885 sus
844 3835 934 3884 Noster
943 3843 1009 3883 amat
1019 3833 1103 3890 disere,
1120 3847 1171 3880 nou
1184 3833 1279 3887 Teutas,
1295 3823 1337 3874 fids

314 3919 424 3967 Perverse
431 3917 463 3962 ad
466 3930 544 3977 propp
541 3912 580 3980 m]
589 3913 715 3970 Quorsum
721 3911 761 3962 lnc
795 3913 917 3964 Prisciani.
960 3911 1009 3962 Sed
1025 3922 1050 3962 et
1067 3911 1101 3961 ric
1120 3910 1221 3960 evitatur
1239 3907 1338 3972 ingram

198 3997 308 4062 senne?
325 3997 425 4044 bomine
441 3993 551 4042 noudum
572 4001 683 4053 mortu03
699 4007 761 4054 prae·
793 3993 1294 4049 uniusliteraeTcoucursuwmtr'stoto

111 4109 113 4116 ‹
203 4077 287 4128 sertim
295 4091 353 4126 cum
362 4076 477 4139 inpugna
487 4073 573 4131 navah,
584 4082 627 4124 aut
638 4073 720 4122 nullus
731 4071 762 4120 stt
826 4079 883 4123 750.
901 4074 1206 4135 -Lerommdm
1215 4070 1266 4118 aut

203 4153 287 4206 funeri
301 4154 376 4211 locus,
394 4163 437 4202 aut
451 4167 526 4202 serus.
558 4149 641 4202 Codex
659 4148 762 4216 collegii
901 4154 1064 4202 Festinantem
1085 4152 1191 4198 animam
1209 4145 1278 4196 morti
1296 4149 1338 4187 ott

206 4235 259 4286 Call
270 4235 401 4284 rectissime
793 4231 893 4282 credidit
903 4229 967 4296 σιπὶ]
985 4229 1043 4277 Νοιι
1053 4233 1118 4277 recta
1127 4225 1216 4274 dicitur
1231 4219 1337 4272 Asinam

275 4322 413 4385 -ruui
424 4319 621 4364 VULNEantso.
792 4326 878 4378 cupere
894 4309 1035 4376 procedere,
1055 4308 1105 4360 Sed
1124 4309 1247 4361 Asinam.
1266 4294 1336 4349 ὈΨ
