2924 4986
355 271 722 350 Puaasaurzu
766 230 877 350 ira.
909 275 1002 351 uu.
1155 289 1223 351 sn

211 491 278 557 Aut
291 488 386 553 hodie
402 487 572 573 Pompeius
585 486 645 551 erit
657 485 832 550 miserabile
846 509 972 551 nomen.
1001 536 1002 544 ι

209 595 314 662 Omne
329 593 447 658 malum
461 592 547 669 victi,
570 591 656 677 quod
669 580 738 655 sors
751 591 830 656 feret
842 592 952 656 ultima
962 613 1077 672 rerum,

210 700 316 765 Omne
329 697 416 762 nefas
430 697 555 770 victoris
569 696 638 760 erit.
684 697 737 761 Sic
750 696 843 774 fatur,
866 708 898 761 et
912 719 999 762 arma

210 803 369 870 Permittit
379 799 515 887 populis,
530 800 709 892 froenosque
722 800 896 867 furentibus
910 802 958 867 ira
1035 861 1038 874 ‚

128 915 188 972 125
211 909 334 991 Laxat:
356 918 388 971 et
406 917 442 970 ut
455 906 554 970 victus
569 905 705 970 violento
719 906 825 970 navita
841 905 927 971 Coro

211 1014 279 1080 Dat
292 1013 433 1100 regimen
448 1012 556 1088 ventis,
580 1011 791 1099 ignavumque
805 1023 872 1085 arte
882 1011 991 1077 relicta

210 1117 330 1203 Puppis
345 1137 425 1180 onus
439 1114 582 1180 trahitur.
594 1182 596 1190 k
611 1114 735 1198 trepido
746 1115 876 1181 confusa
889 1115 1027 1182 tumultu
1168 1203 1171 1206 ,

213 1221 325 1286 Castra
338 1219 486 1297 fremunt,
510 1211 668 1304 animique
683 1229 784 1282 truces
796 1242 853 1283 sua
867 1232 995 1316 pectora
1008 1220 1134 1307 pulsant

212 1331 331 1396 Ictibus
344 1332 479 1394 incertis
507 1330 679 1393 multorum
693 1329 796 1414 pallor
810 1330 844 1394 in
859 1353 915 1395 ore

119 1444 189 1503 iao
210 1435 328 1501 Mortis
341 1446 483 1503 venturae
498 1448 553 1512 est,
576 1431 729 1520 faciesque
744 1435 901 1500 simillima
914 1435 989 1501 fato.

211 1540 385 1607 Advenisse
399 1539 494 1616 diem,
517 1539 572 1624 qui
587 1536 685 1603 fatum
700 1537 793 1604 rebus
807 1541 841 1604 in
855 1563 959 1605 aevum
976 1604 978 1607 ,

214 1646 375 1712 Conderet
388 1643 545 1723 humanis,
569 1655 600 1708 et
615 1644 714 1730 quaeri
730 1644 835 1710 Roma
850 1645 927 1731 quid
941 1659 1031 1726 esset,

211 1750 273 1816 Illo
287 1761 387 1815 marte
401 1750 505 1835 palam
520 1762 575 1814 est.
606 1772 662 1813 sua
677 1749 807 1836 quisque
820 1742 960 1835 pericula
974 1752 1083 1830 nescit,

213 1856 378 1921 Attonitus
393 1856 512 1942 majore
526 1865 621 1918 metu.
653 1855 722 1939 quis
736 1854 843 1919 littora
856 1866 957 1940 ponto
1066 1924 1069 1929 ,

132 1965 189 2022 135
217 1958 354 2036 Obruta,
375 1960 444 2043 quis
459 1959 589 2022 summis
604 1980 734 2023 cerneus
749 1960 783 2021 in
799 1960 958 2023 montibus
971 1981 1091 2044 aequor,

214 2062 412 2147 AEtheraque
427 2063 460 2124 in
476 2073 574 2125 terras
589 2060 710 2153 dejecto
725 2061 979 2138 solecadentem,

147 2251 148 2255 Ἰ
211 2169 280 2234 Tot
295 2192 401 2234 rerum
418 2168 526 2246 finem,
547 2169 656 2232 timeat
670 2167 753 2232 sibi?
772 2191 837 2232 non
852 2159 941 2235 vacat
955 2169 1034 2235 ullos

188 2273 280 2344 ,Pro
295 2297 327 2337 se
341 2273 423 2337 ferre
438 2285 557 2337 metus:
582 2272 675 2350 Urbi,
700 2272 885 2360 Magnoque
900 2274 1037 2339 timetur.

216 2376 286 2443 Nec
299 2377 411 2466 gladiis
426 2377 565 2441 habuere
579 2376 686 2455 fidem,
709 2378 768 2440 nisi
783 2378 905 2442 cotibus
920 2400 1011 2464 asper

135 2496 194 2554 140
217 2489 346 2579 Exarsit
360 2511 480 2554 mucro.
493 2501 569 2554 tunc
584 2490 685 2553 omnis
700 2488 809 2553 lancea
823 2511 901 2553 saxo

216 2594 380 2681 Erigitur:
404 2593 539 2657 tendunt
553 2593 656 2656 nervis
671 2593 851 2657 melioribus
866 2616 971 2658 arcus:

217 2697 306 2763 Cura
318 2694 377 2759 fuit
390 2693 476 2759 lectis
490 2695 655 2780 pharetras
669 2695 800 2780 implere
815 2698 943 2782 sagittis.

209 2803 319 2884 Auget
334 2820 427 2884 eques
441 2798 594 2875 stimulos,
614 2796 847 2886 fraenorumque
862 2813 949 2886 aptat
963 2800 1110 2869 habenas·

219 2905 256 2979 Si
269 2903 504 2994 liceatSuperis
518 2902 683 2967 homiuum
699 2904 841 2969 conferre
848 2904 982 2985 labores,

132 3014 192 3077 145
217 3009 295 3074 Non
310 3007 408 3084 aliter,
437 3005 575 3096 Phlegra
590 3007 715 3073 rabidos
731 3009 860 3074 tollente
876 3010 1040 3100 Gigantes,

220 3113 358 3215 Martius
368 3110 501 3177 incaluit
517 3112 628 3180 Siculis
643 3115 809 3237 iucudibus
824 3116 922 3192 ensis3
937 3121 938 3130 ’

109 3317 181 3366 facile
200 3318 382 3376 animadvertes,
405 3317 523 3371 redundat
539 3325 563 3366 et
578 3317 666 3368 oratio·
696 3318 806 3380 proximo
816 3313 882 3367 enim
892 3331 961 3366 versu
972 3277 1077 3376 habehis,
1097 3323 1144 3377 Qut
1158 3325 1246 3372 Fatum

106 3410 165 3446 nem
176 3401 269 3471 turbat.
295 3399 403 3470 corrige,
696 3398 894 3445 rebuainaevum.

128 3511 213 3561 ime,
226 3511 626 3555 urrrucrusuounamuucoro
732 3480 786 3525 ¹⁵⁷·
802 3475 1090 3524 -Noavacatuuos
1348 3549 1352 3557 x

129 3571 177 3612 Dat
184 3574 278 3622 regium
286 3574 358 3613 ventis.
797 3561 845 3608 Pro
862 3555 958 3617 referre
968 3554 1074 3617 metuas]
1092 3553 1175 3603 Codex
1189 3554 1253 3600 Aea-

699 3634 786 3683 demiae
796 3647 840 3697 pro
850 3629 920 3679 varia
930 3627 1042 3682 lectione,

902 3740 948 3770 nou
954 3734 1014 3771 vacat
1024 3725 1105 3768 mr

726 3797 766 3836 Pro
773 3807 796 3836 se
802 3796 859 3835 ferre
868 3792 953 3832 metus

106 3670 183 3729 Quid,
196 3675 264 3738 quod
276 3676 377 3723 Evictus
388 3688 431 3734 per
440 3689 466 3722 se
482 3675 569 3726 melius
580 3675 668 3724 hiet
631 3684 668 3722 est

109 3762 188 3810 quam
206 3753 299 3800 Wctus:
325 3751 480 3808 neuterius,
501 3755 669 3816 postlougum

108 3834 239 3876 certamen
249 3827 346 3877 tandem
364 3827 468 3876 invitum
479 3835 585 3890 navitam
597 3837 671 3883 ,emo

107 3904 216 3954 cessisse.
251 3906 286 3955 Ut
294 3920 368 3954 ornus
379 3905 457 3969 arbor,
469 3907 625 3993 vugss
574 3916 634 3970 AEn
644 3907 671 3958 fi
708 3891 764 3944 Ulli,
778 3895 901 3944 utsupra
914 3885 977 3932 135.

110 3987 170 4033 650.
727 4025 822 4041 ..—
829 4010 874 4043 ma
880 3999 1039 4061 qumquem
1029 3993 1097 4049 ,mu
1107 3978 1231 4020 neith&

132 4062 585 4204 Vulneribusdouaeaaulattmea,ctqre
584 4133 648 4184 mum
740 4103 900 4160 14011οἕ61
913 4069 1193 4170 ‘queemmuw‘ffi-

134 4161 262 4213 Congemut
527 4147 608 4208 ,uptam
711 4173 945 4301 αμαιιωρρηαςὲ
990 4187 1076 4259 ΜΝ

147 4267 203 4312 150.
225 4291 289 4304 -
309 4253 1095 4354 Iv'acietque]·,⁶,R'l*h'1'Sex1,2<M
1110 4215 1377 4347 &stantemstan-

23 4346 26 4350 ’
109 4336 217 4411 &pone
239 4358 268 4392 ex
288 4341 410 4393 Pulmauni
441 4301 580 4436 :litet-elima
563 4281 681 4491 filib]
721 4341 861 4403 Tamquam
875 4333 1062 4419 ”ducam
1079 4306 1176 4446 Μρι

381 4385 642 4527 0,»οΤ
