2984 5022
380 237 385 247 ¹
433 292 800 371 PHARSALIAE
843 289 955 370 nra.
989 289 1061 369 rx.
1252 306 1327 372 roa
1399 281 1405 294 '

292 525 392 589 Fama
405 523 509 601 bonis,
524 536 555 587 et
570 523 595 586 si
611 543 754 587 successu
768 521 856 587 nuda
871 532 994 588 remoto
1015 524 1019 530 '

204 636 267 695 595
289 629 463 715 Inspicitur
477 629 597 706 Virtus,
614 626 763 714 quicquid
778 627 942 692 laudamus
956 629 991 691 in
1006 627 1074 692 ullo

288 734 461 820 Majorum‚
474 732 602 799 fortuna
615 732 684 798 fuit.
708 732 777 819 quis
792 745 893 797 marte
909 732 1059 810 secundo,

291 840 372 916 Quis
387 851 510 904 tantum
521 839 635 902 meruit
650 838 841 923 populorum
850 839 1004 926 sanguine
1016 835 1161 903 nomen?

290 945 392 1009 Hunc
407 967 467 1032 ego
476 965 535 1029 per
551 945 669 1028 Syrtes,
687 943 863 1030 Libyaeque
876 957 1019 1009 extrema
1035 943 1234 1029 triumphum

286 1052 416 1116 Ducere
431 1051 608 1126 maluerim,
622 1073 717 1137 quam
730 1062 778 1115 ter
794 1051 951 1137 Capitolia
967 1073 1062 1118 curru

200 1163 264 1220 600
287 1157 445 1222 Scandere
462 1157 616 1242 Pompeii,
634 1178 729 1243 quarn
745 1155 888 1244 frangere
904 1157 984 1221 colla
1000 1156 1179 1246 Jugurthaea

287 1263 371 1328 Ecce
385 1285 499 1347 parens
516 1283 606 1326 verus
621 1262 744 1346 patriae,
761 1261 963 1349 dignissimus
977 1263 1049 1340 aris,

288 1369 405 1446 Roma,
419 1369 498 1444 tuis3
524 1389 688 1453 perquem
703 1389 866 1453 nunquam
872 1367 981 1452 jurare
996 1366 1142 1452 pudebit,

294 1473 338 1538 Et
349 1495 453 1559 quem,
470 1473 496 1536 si
510 1473 630 1536 steteris
644 1494 785 1559 unquam
801 1472 922 1536 cervice
934 1471 1046 1551 soluta,

287 1583 381 1650 Tunc
396 1585 472 1649 olim
488 1585 609 1650 factura
620 1585 737 1655 Deum.
756 1585 825 1671 jam
840 1584 967 1670 spissior
981 1585 1076 1674 ignis,
1104 1593 1106 1599 ’

200 1695 263 1754 605
288 1689 331 1754 Et
341 1691 445 1780 plaga,
463 1713 558 1777 quam
571 1690 695 1755 'nullam
712 1691 826 1776 Superi
841 1689 1027 1755 mortalibus
1043 1689 1121 1754 ultra

282 1797 315 1863 A
329 1799 434 1862 medio
450 1798 553 1863 fecere
568 1797 631 1877 die,
649 1797 799 1875 calcatur,
806 1809 847 1871 ,et
860 1797 948 1862 unda

284 1903 418 1968 Rarior:
443 1904 588 1968 inventus
604 1903 716 1968 mediis
731 1902 801 1967 fons
816 1925 898 1968 unus
913 1903 1017 1967 arenis

219 2093 221 2096 .
287 2006 412 2095 Largus
428 2029 538 2092 aquae:
563 2006 618 2070 sed
632 2029 726 2091 quem
743 1993 924 2091 serpentum
938 2006 1033 2070 turba
1049 2004 1176 2070 tenebat

284 2110 351 2174 Vix
366 2112 508 2195 capiente
522 2110 604 2174 locu.
628 2109 754 2174 stabant
769 2112 803 2174 in
818 2111 963 2196 margine
978 2110 1069 2179 siccae
1154 2125 1155 2132 ’

200 2222 265 2278 610
288 2213 434 2300 Aspidas,
450 2214 483 2277 in
498 2213 610 2278 mediis
626 2213 773 2278 sitiebant
788 2213 947 2299 Dipsades
962 2214 1065 2278 undis.

287 2321 426 2398 Ductor,
444 2331 479 2384 ut
499 2319 622 2404 aspexit
636 2317 793 2404 perituros
807 2318 895 2383 fonte
909 2318 1029 2395 relicto,

283 2425 480 2512 Alloquiturt
505 2447 585 2490 vana
600 2425 704 2509 specie
717 2424 888 2490 conterrite
902 2423 969 2502 leti,

283 2533 336 2598 Ne
351 2533 471 2611 dubita,
485 2533 585 2609 miles,
602 2541 687 2596 tutos
701 2528 1002 2618 haurireliquores:

280 2637 390 2702 Noxia
404 2648 586 2722 serpentum
596 2647 643 2700 est
658 2636 794 2702 admisto
808 2636 963 2726 sanguine
977 2635 1089 2721 pestis:

196 2748 260 2806 615
284 2741 399 2807 Morsu
414 2742 498 2806 virus
509 2740 638 2818 habent,
654 2753 687 2806 et
701 2740 802 2805 fatum
817 2741 912 2805 dente
927 2741 1109 2819 minantur:

284 2845 404 2911 Pocula
420 2858 522 2910 morte
538 2857 656 2910 carent.
679 2845 762 2910 dixit
776 2870 784 2922 ;
806 2845 1002 2932 dubiumque
1014 2867 1171 2911 venenum

282 2951 418 3018 Hausit:
435 2953 513 3017 etin
529 2963 597 3016 tota
609 2951 721 3041 Libya
736 2951 807 3017 fons
821 2975 904 3017 unus
919 2973 1016 3017 arena

281 3063 340 3130 Ille
354 3062 424 3142 fuit,
441 3063 481 3128 de
495 3087 560 3150 quo
573 3065 696 3150 primus
712 3065 770 3131 sibi
782 3079 926 3151 posceret
940 3064 1070 3130 undam.

327 3171 394 3236 Cur
410 3169 549 3257 Libycus
564 3171 659 3236 tantis
675 3175 817 3239 exundet
827 3155 967 3259 pestibus
982 3175 1037 3235 a‘e'r

173 3369 313 3424 Hierocles:
338 3373 424 3436 Ψυχῆς
440 3369 728 3439 nadapircriaeovolnuolrt·
794 3377 927 3423 605.—-
949 3373 1030 3424 Quum
1046 3371 1137 3418 nullam
1161 3367 1251 3430 Superi
1260 3383 1323 3417 mor·

170 3472 205 3520 par
224 3451 261 3500 ἰπὶ
274 3453 319 3520 ylla
338 3451 390 3506 θεὶς
406 3453 434 3500 da
450 3453 507 3516 ῖχυ,
524 3450 551 3506 ὣς
569 3451 609 3498 καὶ
626 3451 727 3504 tultus
892 3451 979 3498 talibus
991 3451 1054 3498 ultra

174 3529 308 3594 νυμφίριται
320 3529 400 3594 tipus.
858 3523 1186 3590 Amedioficeredie‚]Lege
1197 3538 1227 3572 ex
1235 3537 1323 3571 manu·

210 3643 312 3690 nlntio-u
329 3645 349 3689 δὶ
365 3643 439 3702 βροτοῖς
455 3647 545 3702 γάνυμαι
564 3645 618 3690 rim
636 3644 691 3690 itm
707 3645 727 3688 ὅ·
760 3604 856 3733 ῗῐέιέἓῗ
869 3609 931 3660 Qum
953 3605 1022 3652 [ΗΜ
1033 3602 1058 3650 ld
1067 3610 1103 3650 m
1113 3601 1259 3651 ultenorm
1283 3600 1324 3650 sk

237 3720 315 3774 time

958 3773 994 3812 aad
1001 3782 1042 3822 quo
1053 3781 1096 3811 non
1104 3770 1147 3810 ulla
1154 3771 1246 3808 cruenta

174 3824 281 3874 Grotius.
786 3833 878 3876 matum
885 3833 1034 3874 montanam.

202 3907 260 3951 ⁵80·
283 3903 393 3964 Juppuer
416 3917 450 3958 eu
468 3908 626 3978 quodcunque
647 3903 727 3968 vides]
764 3910 878 3979 raptam,
894 3907 920 3957 id
934 3907 1042 3970 estplus.
1076 3905 1141 3955 Plin.
1158 3918 1215 3952 xxx.
1229 3907 1252 3952 6.
1265 3905 1321 3953 Plc-

176 3980 268 4030 Seneca
277 3979 333 4029 Nat.
344 3981 432 4039 Quaest.
440 4009 463 4058 p.
475 3993 534 4042 aaa
546 3984 724 4040 Quidestdeus?
762 3999 833 4044 rurae,
844 3991 929 4052 quiana
942 3989 1049 4050 equidem
1071 3986 1150 4033 nutas
1166 3995 1234 4045 aque
1245 3983 1320 4058 demt-

116 4116 124 4122 ,
173 4060 313 4122 quodvides.
760 4083 801 4116 ror
811 4077 859 4116 ram
871 4069 939 4126 longo
950 4081 998 4113 cavo
1015 4067 1138 4113 domares.
1154 4075 1229 4125 aeque,
1241 4058 1267 4107 id
1279 4065 1323 4114 est,

200 4139 257 4183 584.
276 4136 328 4184 Hoc
341 4139 442 4228 ”ileu
458 4139 664 4216 dixisse-lovem]
679 4140 726 4186 Ar·
761 4145 846 4208 magia
1202 4184 1204 4188 .

167 4209 272 4260 fissssusl
282 4214 319 4260 25,
339 4219 362 4259 *ἵ
373 4244 406 4290 '⁰1
420 4255 426 4276 .
458 4241 587 4299 suppum
605 4220 615 4267 i
632 4219 680 4279 ζιῦς
698 4235 729 4266 σοι
793 4226 850 4273 615.
860 4222 943 4269 Morsu
952 4224 1018 4272 uirus
1028 4223 1121 4281 habent,
1132 4219 1242 4284 etfirtum
1253 4218 1323 4263 dente

165 4289 193 4336 ὖ»
205 4291 330 4338 ΜΝᾸΜ·
361 4299 386 4356 G
417 4271 464 4320 ‘m
763 4301 916 4365 marcatum]
928 4299 1110 4366 Elegantiorem
1119 4299 1162 4348 tibi
1173 4303 1260 4359 praeto
1273 4294 1323 4342 lec-

195 4367 246 4412 588'
262 4385 317 4446 *T
338 4369 383 4452 Ill
398 4350 607 4458 laurum]
628 4375 727 4436 l'‘¹10’'ss
762 4384 857 4434 tionem
878 4395 910 4430 ex
925 4379 1033 4433 dirersis·
1047 4380 1167 4432 codicibus
1188 4375 1245 4424 hinc
1266 4372 1325 4421 inde

161 4438 231 4488 Μεθ’
253 4436 337 4494 emim·
380 4431 454 4516 ilafe
764 4471 871 4517 erutam»
