2924 4986
190 319 264 384 336
486 307 545 382 Μ.
584 303 788 384 ANNAEI
826 303 1057 382 LUCANI

304 521 457 611 Contigit,
473 544 511 588 ae
524 519 653 588 fruetus.
676 519 752 586 felix
766 543 799 585 se
813 520 913 586 nescit
924 521 1033 586 amari.

348 627 458 694 cesar
474 640 510 694 ut
526 627 686 712 Hesperio
700 625 780 694 vidit
794 625 867 690 satis
882 647 958 691 arva
971 637 1082 692 natare

306 733 482 822 Sanguine,
497 731 691 818 parcendum
706 731 802 830 ferrq
818 731 1025 818 manibusque
1039 745 1181 800 suorum
1292 809 1294 814 ,

218 843 281 906 730
302 839 375 907 Jam
390 851 489 918 ratus,
504 850 541 906 ut
555 839 630 904 viles
644 838 775 916 animas,
790 838 994 924 perituraque
1008 835 1125 904 fmstra

303 945 446 1034 Agmina
460 944 602 1031 permisit
616 945 698 1008 vitae.
722 941 777 1008 sed
791 954 894 1008 eastra
908 941 1032 1032 firgatos

306 1039 358 1114 Ne
368 1062 527 1127 revocent,
542 1049 701 1135 pellatque
715 1049 803 1134 quies
819 1062 977 1114 noetuma
989 1069 1164 1135 pavorem:

183 1223 188 1236 ,
307 1155 459 1222 Protinus
472 1153 578 1220 hostili
593 1154 702 1220 statuit
716 1153 884 1220 suecedere
897 1152 991 1231 vello,

305 1260 398 1326 Dum
411 1259 539 1326 fortuna
552 1259 642 1338 calet,
656 1259 735 1325 dum
750 1258 880 1328 conficit
894 1259 1002 1324 omnia
1017 1268 1131 1338 terror,

217 1369 280 1433 tre
302 1365 381 1431 Non
395 1367 511 1431 veritus
525 1388 620 1455 grave
635 1387 677 1430 ne
690 1364 788 1443 fessis,
804 1387 842 1430 ac
856 1378 958 1430 marte
972 1365 1109 1431 subactis

306 1473 385 1542 Hoc
398 1471 480 1538 soret
494 1473 672 1559 imperium.
694 1494 759 1538 non
776 1493 893 1559 magno
908 1462 1089 1538 hortamine
1103 1473 1193 1539 miles

309 1578 350 1644 In
364 1578 506 1665 praedam
521 1578 685 1644 ducendus
698 1587 783 1644 erat:
806 1577 937 1642 victoria
951 1578 1044 1643 nobis

310 1683 410 1750 Plena
423 1684 492 1761 viri,
508 1682 608 1748 dixit:
632 1693 772 1768 superest
782 1703 843 1766 pro
857 1682 1011 1771 sanguine
1025 1704 1157 1763 merces,

235 1861 239 1868 ,
313 1788 421 1865 Quam
436 1799 612 1856 monstrare
623 1810 729 1853 meum
744 1800 801 1861 est:
825 1809 885 1854 nec
896 1789 981 1853 enim
996 1788 1116 1856 donare
1129 1790 1274 1871 vocabo,

224 1898 288 1960 740
311 1892 411 1970 Quod
426 1893 485 1958 sibi
499 1892 630 1979 quisque
644 1892 742 1958 dabit.
772 1894 893 1958 cunctis
907 1916 948 1959 en
962 1895 1055 1980 plena
1065 1895 1199 1961 metallis

312 1999 425 2066 castra
439 2009 563 2083 patent:
588 2008 715 2083 raptum
731 1997 897 2084 Hesperiis
911 2022 929 2064 e
942 1998 1089 2087 gentibus
1102 2021 1219 2066 aurum

313 2103 382 2170 Hie
391 2104 491 2191 jacet:
514 2101 663 2190 ansque
676 2115 827 2188 premunt
840 2104 977 2170 tentoria
991 2127 1093 2194 gazas.

312 2209 379 2276 Tot
390 2231 502 2298 regum
515 2207 644 2274 fortuna
657 2208 759 2287 simul,
784 2207 962 2298 Magnique
976 2221 1086 2276 coacta

311 2314 469 2401 Expectat
483 2312 641 2379 dominos:
664 2335 801 2401 propera
814 2315 989 2400 procedere
1002 2315 1091 2381 miles

224 2423 286 2487 745
311 2407 565 2506 Quos'sequeris:
589 2435 793 2506 quascunque
805 2432 876 2509 *tuas
892 2420 1058 2516 Pharsalia
1070 2421 1153 2502 fecit,

312 2527 345 2593 A
359 2526 449 2592 victis
463 2525 627 2610 rapiantur
641 2547 726 2610 opes.
753 2547 812 2590 uec
826 2524 919 2611 plura
933 2515 1057 2593 loeutus

311 2629 445 2716 hpnlit
458 2642 608 2708 amentes,
625 2630 758 2716 aurique
772 2630 921 2716 cupidine
936 2653 1037 2697 caecos

312 2737 366 2802 Ire
380 2758 473 2822 super
487 2734 621 2824 gladios,
638 2756 794 2823 supraque
809 2735 963 2802 cadavere
975 2749 1114 2824 patrum,

311 2841 357 2908 Et
371 2862 468 2906 caesos
483 2840 603 2905 calcare
618 2839 722 2906 duces.
752 2863 825 2926 quae
839 2841 931 2921 fossa,
955 2843 1024 2930 quis
1039 2865 1136 2934 agger

229 2949 293 3012 750
316 2945 476 3012 Sustineat
490 2945 626 3028 pretium
640 2943 723 3022 belli,
740 2945 953 3033 scelerumque
966 2945 1128 3033 petentes?

316 3051 386 3117 Sire
400 3047 521 3126 volunt,
534 3059 652 3135 quanta
665 3047 783 3115 fuerint
798 3052 944 3118 meroede
957 3065 1118 3119 nocentes.

360 3153 514 3219 Invenere
529 3149 657 3239 quidem
672 3154 806 3239 spoliato
820 3156 958 3241 plurima
972 3157 1104 3235 mundo,

257 3347 259 3354 y
315 3259 476 3327 Bellorum
491 3259 524 3324 in
540 3271 661 3325 sumtus
674 3277 833 3349 congestae
847 3262 993 3349 pondera
1006 3284 1128 3329 massae:

226 3483 390 3588 multe,
395 3491 529 3532 quacumque
539 3481 626 3521 adrem
633 3484 715 3520 voearet
791 3478 861 3526 eletos
872 3483 946 3534 notat,
958 3491 1008 3525 uon
1017 3476 1160 3543 offatigator
1167 3496 1177 3526 .·
1192 3473 1293 3540 cmige
1301 3473 1355 3540 igi·

352 3554 432 3586 m·
583 3591 584 3596 ,
790 3564 837 3613 tur,

207 3637 275 3687 Dare
291 3635 396 3694 mma,
407 3632 434 3680 iu
444 3629 568 3679 militiam:
582 3627 673 3678 locutio
685 3628 759 3678 notis·
817 3658 865 3699 Non
873 3661 958 3708 Vm,
964 3669 1062 3712 wem
1069 3661 1354 3706 mmmmm

204 3715 272 3764 nme.
292 3712 394 3761 Tacitus
409 3709 475 3758 Hier.
491 3709 526 3756 iii.
543 3713 583 3758 59.
597 3710 707 3758 Vitellius
722 3725 761 3758 ao·
790 3727 793 3737 ·
843 3720 893 3760 ros

203 3797 257 3844 eart'
266 3791 420 3854 tribmjuler,
429 3787 514 3838 dantes
521 3787 622 3835 nomina
629 3803 760 3840 squameu-
817 3777 865 3819 Hoc
873 3780 927 3820 ‘⁰¹0‘
933 3781 1052 3831 imperium.

204 3874 322 3934 ”digil-
353 3867 553 3918 mmmm
574 3871 628 3915 ¹¹⁹·
671 3942 674 3949 Ι
792 3884 850 3934 Non
862 3896 996 3948 grareerat
1010 3885 1141 3936 victoribus
1157 3883 1303 3946 toet'fessts,
1323 3889 1353 3938 ἰι

227 3969 645 4017 ——novrduxaoeederenudet
792 3964 867 4013 victos
876 3965 1073 4030 fugatusqueire
1110 3965 1211 4018 Sitiuai.
1225 3971 1282 4015 302

226 4032 716 4080 Nmrrtm‚desertosetlamsthiaurrereremea.

206 4121 262 4172 vu.
274 4121 399 4170 Maximus
408 4137 430 4170 r.
442 4127 466 4169 2.
479 4127 501 4172 2.
513 4123 577 4176 Quid
588 4117 759 4182 illajuoentute

205 4206 315 4254 Romana
329 4205 430 4265 ςναιίιιε,
446 4219 499 4267 quea
518 4205 579 4251 ultro
598 4200 700 4253 nomine
714 4215 759 4248 sna
824 4189 881 4236 74⁶·
897 4188 1351 4252 Avictirrnpianturopea.necp1m

204 4282 305 4332 militari
314 4291 459 4329 sacramento
470 4280 577 4339 obtulit!
639 4286 643 4292 '
733 4278 735 4286 '
790 4266 891 4334 locutus]
908 4265 1067 4316 Scribendum
1083 4281 1113 4314 ex
1124 4264 1172 4314 lide
1188 4265 1265 4314 MSS.
1282 4269 1353 4329 mpi-

237 4363 294 4410 755.
309 4362 465 4409 -Marte
475 4342 589 4423 rametis]
606 4356 758 4421 Delatigatia
791 4357 873 4397 untur.
900 4347 955 4396 Nisi
971 4347 1084 4410 praecedis
1102 4345 1272 4408 Pompeianos,
1296 4345 1353 4408 jam

208 4437 316 4488 Grotius
349 4438 427 4504 Atqui
448 4447 523 4488 marte
544 4435 760 4502 mutantique
791 4427 829 4478 illi
849 4427 943 4494 rapient
958 4425 1130 4493 supellectilem
1144 4440 1198 4493 qne
1220 4425 1246 4474 iu
1267 4423 1354 4475 osseis

991 4081 1331 4131 neveuioerpetumarteruhaettr.
