2900 4902
206 345 280 416 11
463 285 807 414 ’1111111
846 325 1077 415 nucrru

229 558 290 618 145
313 550 452 618 Deserit:
475 562 508 617 et
521 551 589 618 noti
603 551 722 618 diffisus
736 550 854 617 viribus
867 549 963 628 orbis,

313 655 491 724 Indomitos
505 658 619 744 querit
632 656 781 744 populos,
797 669 830 720 et
844 677 969 742 semper
980 655 1014 720 in
1030 675 1119 719 arms

316 760 433 828 Mortis
447 784 555 828 amore
568 761 662 841 seros,
678 775 710 826 et
724 761 824 826 tendit
839 761 873 824 in
887 760 997 826 ultime
1010 757 1131 825 muudi.

360 865 506 932 Nudatos
522 866 747 944 Coesuroolles,
763 865 946 952 desertaque
960 876 1062 930 cestre

319 970 537 1057 conspiciens,
555 991 668 1056 capere
682 991 771 1036 erma
781 968 884 1054 jubet:
907 989 967 1034 nec
981 989 1121 1056 quaerere
1135 975 1277 1054 pontem,

234 1082 298 1142 150
321 1074 389 1140 Nec
403 1075 497 1154 voda,
513 1075 568 1140 sed
588 1074 677 1140 duris
689 1074 818 1139 fluvium
834 1095 980 1159 superare
993 1073 1125 1138 lacertis.

322 1177 468 1246 Permur:
484 1179 651 1265 rapuitque
665 1199 759 1244 ruens
773 1178 807 1242 in
820 1177 930 1264 prtelir
944 1177 1040 1255 miles,

322 1281 421 1359 Quod
435 1282 557 1371 fugiens
571 1283 732 1372 timuisset,
747 1282 816 1348 iter.
831 1302 908 1346 mox
922 1280 986 1346 udo
998 1279 1130 1366 receptis

322 1386 473 1454 Membra
486 1387 593 1454 fovent
608 1388 713 1466 ermis,
728 1385 908 1477 gelidosque
922 1409 942 1450 e
954 1385 1081 1474 gurgite
1095 1375 1188 1450 curru

323 1499 507 1566 Restituunt
518 1513 615 1580 11111,
630 1501 732 1567 donec
746 1500 937 1565 decresceret
950 1497 1065 1563 umbro

234 1609 296 1668 155
321 1603 362 1668 11
377 1604 518 1670 medium
533 1617 681 1692 surgente
695 1604 756 1670 die.
767 1607 897 1692 jamque
911 1603 1038 1693 agmine
1052 1623 1173 1668 summa

323 1710 436 1795 Carpit
449 1733 555 1796 eques,
570 1709 720 1796 dubiique
733 1707 829 1797 firgoe,
844 1730 1024 1798 pugnaeque
1037 1718 1192 1774 tenentur.

369 1813 528 1878 Attoilunt
542 1805 655 1898 campo
668 1813 804 1902 geminae
813 1814 892 1902 juga
906 1835 1000 1878 saxee
1013 1835 1107 1899 rupes

326 1915 417 1982 Velle
430 1938 516 1982 cevoe
530 1917 646 1983 media:
669 1917 760 1982 tellus
774 1916 850 1983 hinc
863 1917 963 1984 ardun
976 1917 1073 1984 celsos

330 2021 507 2088 Continuat
520 2021 627 2088 colles:
650 2031 727 2088 tutae
741 2045 819 2108 quos
832 2023 915 2088 inter
928 2043 1030 2109 opaco

244 2132 306 2192 160
328 2119 485 2194 Anfractu
498 2127 616 2192 latuere
630 2128 702 2192 viae:
725 2127 838 2215 quibus
851 2120 941 2194 hoste
954 2127 1057 2214 potito

330 2232 496 2311 Faucibus,
507 2232 613 2298 emitti
627 2243 781 2298 terrarum
797 2233 830 2296 in
844 2232 936 2299 devie
949 2245 1093 2310 mertem,

329 2337 432 2424 Inque
446 2336 526 2402 feres
539 2349 649 2427 gentes
664 2337 773 2404 Crcser
785 2336 880 2404 videt.
924 2337 974 2403 Ite
996 2337 1063 2402 sine
1077 2335 1142 2402 ullo

144 2481 148 2490 ·
271 2449 276 2466 ⁸
331 2447 466 2527 Ordine,
482 2450 538 2530 eit,
553 2461 743 2536 raptumque
755 2447 831 2538 fugo
844 2449 1016 2515 convertite
1028 2447 1156 2526 berlum,

227 2569 231 2576 ’
329 2547 375 2619 Et
388 2553 498 2618 faciem
513 2577 644 2642 pugnae,
660 2554 825 2642 vultusque
835 2554 949 2621 ,inferte
962 2543 1112 2620 minaces:

246 2663 309 2723 165
331 2641 402 2724 Nec
415 2658 508 2732 licent
521 2658 643 2745 pavidis
656 2660 773 2747 ignave
783 2660 969 2725 occumbere
983 2670 1099 2724 morter

228 2793 230 2798 ·
333 2761 506 2849 Excipient
519 2773 606 2828 recto
618 2762 773 2853 fugientes
787 2776 914 2850 pectore
927 2763 1055 2828 ferrum.

332 2866 440 2936 Dixit:
456 2880 489 2934 et
503 2865 543 2934 ud
557 2877 680 2934 montes
693 2867 873 2934 tendentem
888 2869 1042 2954 praeveuit
1054 2866 1185 2932 hostem.

335 2970 535 3060 Illieexiguo
555 2972 686 3058 paulum
700 2972 847 3038 distentia
860 2973 941 3039 111111)
1175 3050 1179 3052 ,

168 3085 171 3092 “
277 3077 280 3080 ’
336 3075 449 3142 Castra
463 3076 579 3142 locent.
600 3089 766 3164 postquam
781 3080 882 3164 spetio
895 3079 1081 3168 languentia
1093 3077 1182 3144 nullo

228 3189 230 3194 '
252 3173 313 3246 110
337 3179 455 3248 Mutua
468 3181 653 3268 conspicuos
667 3181 846 3250 habuerunt
859 3184 980 3248 lumine
992 3183 1105 3261 vultus,

229 3343 233 3354 .
336 3286 381 3352 Et
394 3286 517 3366 fratres,
532 3298 684 3376 natosque
698 3309 770 3354 suos
785 3288 902 3367 videre,
917 3302 1094 3376 putresque

233 3419 236 3426 '
336 3398 541 3486 Deprensum
555 3412 602 3465 est
615 3398 706 3465 civile
720 3389 814 3465 nefus
834 3413 966 3466 tenuere
978 3419 1149 3487 parumper

315 3555 317 3562 ·
339 3508 410 3578 Ore
423 3521 523 3577 metu:
545 3523 670 3582 tantum
683 3524 773 3590 nutu,
789 3523 940 3599 motoque
953 3511 1089 3578 salutent

230 3723 239 3736 ”
264 3727 320 3778 186.
338 3717 440 3779 murm
458 3727 498 3777 dc't
524 3727 609 3794 bertof]
641 3727 683 3776 1111
698 3743 780 3776 emen·
812 3728 1084 3790 cumomnisscripture
1103 3734 1172 3775 retus
1188 3725 1276 3775 bobert
1292 3723 1351 3773 Dm'

230 3803 337 3855 dandum
350 3807 557 3868 prodenttellum.
567 3806 646 3855 Ceret
656 3805 780 3856 classicum
813 3808 902 3855 tellum.
942 3805 1044 3855 Fellitur
1066 3804 1102 3852 vir
1123 3803 1227 3853 eximius
1253 3800 1352 3868 quinon.

230 3884 419 3948 conerejubeetz
434 3893 463 3932 tu
474 3884 586 3934 nerudi:
599 3884 668 3948 signo
678 3892 783 3933 moveat:
812 3884 878 3932 enirn
896 3882 983 3946 scripti,
1001 3884 1087 3948 quibus
1101 3881 1238 3937 1111111111,
1257 3875 1352 3928 universi

230 3962 439 4032 prosequere:er
448 3977 493 4023 pax
505 3959 556 4012 erit.
584 3962 691 4012 Grotius.
712 3961 781 4012 Prio·
813 3961 992 4018 1111111111111111,ι
1010 3969 1034 4010 et
1050 3967 1220 4010 unustnntum
1232 3959 1353 4011 Deum·

231 4035 396 4086 reseditionee
413 4037 540 4099 habebunt,
553 4042 718 4090 01111111111111
734 4037 779 4088 bel·
813 4039 857 4086 teri
876 4040 933 4088 Det.
951 4053 1025 4102 quere
1047 4041 1093 4086 hoe
1112 4037 1198 4086 merito
1217 4033 1354 4096 accipimur

230 4115 298 4167 lum,-
331 4113 395 4178 quod
403 4123 494 4162 tutetur
503 4115 568 4167 Frid.
580 4116 718 4165 Gronovius
729 4116 780 4165 Ob-
813 4123 1034 4180 cumetsequente
1052 4115 1170 4172 retrusit,
1190 4111 1353 4178 Signosmr

232 4183 293 4240 serv.
306 4189 343 4238 ir.
359 4197 399 4242 26.
414 4201 541 4257 narretque
557 4194 619 4242 hene
638 4209 724 4244 noram
735 4195 783 4243 lec-
814 4193 972 4258 ututrobique
979 4194 1044 4244 idem
1052 4193 1215 4245 nominativus
1223 4188 1353 4246 tauron

231 4267 323 4320 tionem
333 4281 364 4318 ex
374 4268 511 4332 conjectum
523 4270 635 4322 Grotiurn
642 4287 781 4336 surrogatur,
814 4271 969 4340 intelligutur.
