2924 4986
240 311 313 382 aar
507 301 565 378 ru.
608 299 813 378 suum
854 301 1086 382 Lucam

356 515 502 602 Extaque
516 516 802 604 funereaepoacunt
816 519 1005 604 trepidantia
1020 543 1155 590 mensur

355 619 495 685 Vulnere
510 621 553 686 sic
570 624 693 700 ventris,
716 645 791 701 non,
808 646 870 709 qua
887 623 1009 688 Natura
1022 627 1167 710 vocabat,

355 721 542 789 Extrahitur
555 738 676 810 partus,
692 727 798 792 calidis
819 727 984 811 ponendus
999 730 1031 793 in
1046 730 1119 796 aris.

268 831 333 890 560
356 827 399 892 Et
413 828 533 914 quoties
548 832 637 894 saevis
651 853 731 916 opus
746 843 801 909 est,
824 853 861 896 ac
876 831 1008 898 fortibus
1022 835 1153 914 umbris,

355 930 430 1016 Ipsa
444 932 517 998 facit
531 955 650 1000 manes:
673 935 839 1002 hominum
854 958 940 1002 mors
954 940 1056 1002 omnis
1070 941 1104 1005 in
1119 963 1178 1008 usu
1192 954 1246 1012 est

354 1035 414 1101 Illa
427 1059 519 1126 genae
539 1037 648 1104 florem
663 1041 816 1125 primaevo
831 1063 963 1126 corpore
977 1043 1079 1122 vuisit,

353 1141 414 1206 Illa
428 1165 551 1207 comam
566 1144 646 1208 laeva
659 1146 805 1212 morienti
821 1145 954 1212 abscidit
968 1147 1102 1233 ephebo.

296 1255 304 1266 “
358 1245 451 1331 Soepe
466 1249 560 1312 etiam
576 1252 656 1314 caris
670 1263 806 1339 cognato
821 1253 855 1314 in
867 1251 976 1316 funere
990 1253 1061 1318 dira

267 1358 330 1417 565
354 1352 512 1418 Thessalis
527 1355 668 1421 incubuit
682 1357 842 1422 membris:
858 1369 952 1443 atque
966 1359 1071 1424 oscula
1085 1359 1220 1448 fingens,
1254 1435 1255 1438 Ἴ

355 1457 590 1546 Truncavitque
604 1472 710 1546 caput,
733 1483 971 1548 compressaque
985 1463 1130 1528 dentibus
1144 1487 1202 1530 ora

354 1563 504 1628 Laxavit:
527 1565 671 1650 siccoque
685 1565 856 1631 baerentem
872 1579 1000 1653 gutture
1010 1567 1151 1654 linguam

355 1667 587 1746 Praemordeus,
610 1669 718 1757 gelidis
732 1669 849 1734 infudit
863 1692 1024 1736 murmura
1038 1671 1144 1750 labris,

329 1777 330 1782 ’
354 1771 579 1856 Arcanumque
589 1771 674 1834 nefas
691 1771 815 1857 Stygias
829 1773 990 1836 mandavit
1004 1773 1045 1838 ad
1060 1775 1197 1844 umbras.

269 1877 333 1942 570
399 1873 498 1939 Hanc
512 1886 547 1940 ut
567 1873 650 1940 fama
669 1873 730 1938 loci
748 1873 900 1960 Pompeio
914 1877 1069 1962 prodidit:
1092 1877 1158 1946 alta

233 2011 235 2018 v
353 1976 458 2043 Nocte
472 1976 547 2063 poli,
572 1976 670 2042 Titan
684 1977 822 2046 medium
833 2001 897 2064 quo
912 1992 1053 2065 tempore
1067 1980 1155 2048 ducit
1251 2003 1255 2009 ·

354 2082 421 2149 Sub
436 2094 544 2147 nostra
557 2082 666 2148 tellure
679 2082 777 2148 diem:
800 2084 922 2149 deserta
935 2107 992 2170 per
1006 2108 1081 2152 arva

355 2189 466 2274 Carpit
480 2189 549 2253 iter'.
564 2187 620 2254 fidi
636 2189 797 2268 scelerum,
813 2191 953 2276 suetique
967 2192 1102 2256 ministri
1145 2255 1150 2258 .

354 2274 511 2358 Effractos
525 2294 642 2360 circum
659 2295 804 2373 tumulos,
821 2317 858 2360 ac
872 2295 965 2360 busta
978 2297 1083 2384 vagati

268 2401 330 2465 575
355 2398 557 2484 Conspexere
569 2398 682 2485 procul
696 2413 857 2484 praerupta
872 2401 905 2464 iu
920 2413 1011 2466 caute
1025 2401 1199 2486 sedentem,
1251 2415 1253 2419 ’

350 2503 426 2579 Qua
435 2504 514 2591 juga
528 2502 665 2568 devexus
681 2503 861 2568 Pharsalica
874 2505 1009 2592 porrigit
1023 2505 1150 2574 AEmus.

353 2607 412 2671 Illa
428 2607 546 2695 Magis,
563 2608 751 2696 magicisque
766 2605 844 2673 Deis
859 2609 1019 2697 incognita
1034 2611 1129 2676 rerba

251 2783 256 2794 ¹
352 2695 520 2790 Tentabat,
537 2734 725 2800 carmenque
739 2735 838 2777 novos
852 2713 991 2802 fingebat
1006 2715 1038 2778 in
1054 2737 1138 2782 usus.

349 2813 496 2900 Namque
511 2816 634 2894 timens,
651 2840 692 2880 ne
708 2815 799 2886 Mars
814 2817 910 2882 alium
926 2842 1022 2906 vagus
1037 2819 1096 2883 iret
1110 2817 1145 2886 in
1160 2817 1278 2900 orbem,

266 2926 330 2982 580
353 2917 498 2982 Emathis
513 2932 543 2983 et
558 2920 649 2985 tellus
662 2935 727 2986 tam
749 2921 847 2986 multa
861 2922 949 2988 coede
963 2935 1098 3003 careretr
1426 2927 1427 2986 i

351 3019 492 3088 Poilutos
507 3035 611 3104 cantu,
635 3027 774 3116 dirisque
786 3027 925 3092 venefica
939 3029 1038 3092 succis

346 3127 551 3213 Conspersos,
567 3115 664 3197 'vetuit
678 3133 888 3197 transmittere
901 3130 983 3196 bella
998 3131 1176 3220 Philippos,

346 3235 413 3300 Tot
427 3247 543 3302 mortes
557 3237 704 3303 habitura
719 3262 800 3316 suas,
818 3261 974 3324 usuraque
988 3239 1100 3312 mundi

351 3342 523 3431 Sanguine:
540 3365 692 3410 caesorum
708 3357 854 3409 truncare
868 3343 1020 3410 cadavera
1032 3343 1160 3432 Regum
1244 3395 1245 3402 κ

265 3453 328 3516 585
352 3448 476 3536 Sperat,
499 3461 531 3516 et
547 3449 714 3537 Hesperiae
730 3451 849 3516 cineres
863 3461 1006 3514 avertere
1016 3450 1130 3538 gentis,

181 3693 186 3700 .
272 3655 328 3702 558.
352 3651 716 3720 Vatmmacsentmmmnsr
724 3652 790 3702 codi-
846 3656 1318 3712 uregenoeuorempnmevoumrporevuut

240 3743 280 3780 aaa
291 3733 318 3780 ua·
335 3732 428 3779 ventris.
462 3729 584 3778 Sententia
595 3739 676 3778 tutem
687 3731 790 3792 postulat
855 3753 911 3800 565,
932 3753 1108 3816 Truncavitque
1118 3749 1209 3816 ψῃ]
1229 3739 1353 3798 Noumuir

241 3809 316 3857 SED.
350 3811 403 3859 Nsc
418 3808 509 3874 refugit
526 3813 611 3868 cadem
636 3809 679 3860 sed
697 3813 790 3862 uulnera
821 3826 875 3887 im,
899 3830 999 3890 Cognato
1018 3831 1046 3876 ῑη
1055 3829 1153 3891 sum,
1175 3831 1238 3876 caris
1258 3820 1352 3874 mm

238 3889 323 3946 veniri?
331 3897 416 3948 ΡΜ*
426 3890 562 3936 ‘mallim'-
813 3908 911 3972 fingent
925 3910 1020 3962 aarum:
1033 3916 1058 3956 et
1069 3907 1109 3960 dic
1119 3905 1187 3963 nubi,
1199 3904 1241 3970 qui
1250 3901 1355 3968 pontimi

273 3967 327 4011 5⁶0·
345 3989 409 4002 ····
428 3967 520 4018 914οίῑῶ
540 3967 606 4013 ⁵21²ss
627 3981 683 4028 (ΨΜ
703 3975 746 4038 3⁸²,
760 3983 788 4015 Μ
821 3987 983 4045 presentibus,
994 3995 1037 4034 aut
1056 4001 1099 4033 cur
1115 3985 1191 4032 votuit
1205 3995 1309 4034 trunam
1322 3992 1355 4026 ⁶⁰·

229 4039 463 4112 fhrtibualumbrr's]
487 4043 535 4090 Ubi
554 4060 614 4106 opus
633 4054 669 4092 est
684 4045 789 4093 cruentis
816 4065 881 4126 W?
916 4065 1018 4126 eoffigg
1035 4058 1353 4118 TRACTAVITQUEcu·

239 4121 337 4198 pmbris,
347 4115 391 4172 ‘ibi
402 4125 453 4188 ipsa
472 4125 513 4174 dat
523 4128 601 4184 morti,
611 4145 673 4192 quos
684 4128 788 4178 suscitet.
817 4151 868 4203 put,
903 4141 1026 4192 sententia
1044 4150 1085 4197 est,
1105 4141 1173 4189 Dum
1194 4139 1263 4202 tingit
1277 4152 1300 4184 se
1309 4133 1356 4181 due

241 4199 348 4248 Grotius.
650 4201 652 4207 ’
820 4235 931 4286 ωρτςωα
941 4220 1027 4272 osculo.
1038 4217 1356 4282 cogouomorianti3urcut

270 4285 325 4328 562.
341 4305 407 4318 ·-·
415 4283 531 4334 Pomoevo
542 4283 646 4353 corpore]
658 4283 722 4352 nege
731 4299 787 4334 cum
820 4305 898 4360 eaput,
910 4314 938 4347 ο,
948 4298 1056 4356 clausum
1065 4299 1147 4362 sperit,
1159 4309 1183 4348 aa
1194 4297 1299 4362 linguam
1308 4287 1357 4342 lai·

237 4357 291 4410 auu
305 4355 438 4411 auresue
681 4365 684 4370 ·
821 4376 989 4441 amarunt,
1006 4365 1358 4446 immansuetudine
