2984 5022
410 299 767 378 PHARSALIAE
803 297 913 376 LIB.
942 295 1014 372 IX.
1201 301 1275 368 893

177 551 180 560 ·
242 511 415 580 Inviolatus
430 505 523 602 aqua,
540 516 614 580 sicci
632 515 698 601 jam
714 513 851 600 pulveris
864 534 978 601 agger3
1062 545 1066 558 =

241 618 334 684 Stant
349 621 454 684 miseri
468 633 583 698 nautae,
600 633 755 706 terraeque
769 617 911 683 haerente
928 616 1038 682 carina

242 722 368 789 Littera
382 725 467 790 nulla
481 725 600 790 vident.
626 724 670 789 sic
684 737 808 810 partem
828 723 988 808 intercipit
1001 737 1125 806 oequor:

157 833 219 892 345
243 828 322 894 Pars
335 831 452 894 ratium
468 831 568 915 major
583 830 737 918 regimen,
754 830 939 914 clavumque
953 838 1060 892 secuta
1075 836 1131 902 est,

242 931 329 999 Tuta
342 932 427 1020 fuga,
437 947 611 1019 nautasque
625 934 686 997 loci
701 935 810 997 sortita
824 933 952 1018 peritos,

241 1036 437 1123 Torpentem
454 1036 610 1102 Tritonos
626 1036 693 1101 adit
703 1036 801 1101 illaesa
816 1037 977 1122 paludem.

133 1209 138 1214 ,
241 1141 351 1221 Hanc,
367 1154 403 1206 ut
418 1141 514 1220 fama,
528 1142 628 1219 Deus,
646 1163 741 1232 quem
756 1154 826 1205 toto
842 1141 948 1206 littore
960 1152 1077 1227 pontus

242 1246 344 1311 Audit
357 1258 487 1312 ventosa
499 1246 687 1332 perflantem
702 1267 866 1310 murmura
879 1244 1013 1323 concha,

153 1358 216 1416 350
239 1352 339 1417 Hanc
357 1364 389 1418 et
405 1351 509 1417 Pallas
524 1364 627 1416 amat:
654 1351 757 1436 patrio
773 1373 845 1436 quae
861 1351 978 1415 vertice
991 1361 1068 1414 nata

241 1457 417 1522 Terrarum
432 1458 571 1543 primam
586 1456 712 1543 Libyen
724 1461 813 1542 (nam
828 1455 977 1543 proxima
991 1455 1071 1520 coelo
1086 1465 1144 1530 est,

241 1562 290 1629 Ut
304 1562 422 1648 probat
437 1563 504 1648 ipse
519 1561 619 1644 calor)
642 1563 762 1650 tetigit:
786 1562 952 1650 stagnique
965 1561 1072 1648 quieta

245 1665 361 1732 Vultus
375 1667 454 1732 vidit
470 1690 563 1754 aqua,
579 1669 748 1753 posuitque
762 1668 796 1736 in
808 1667 952 1756 margine
965 1665 1101 1753 plantas,

241 1771 286 1838 Et
300 1795 332 1838 se
347 1771 462 1838 dilecta
478 1772 649 1838 Tritonida
664 1772 746 1838 dixit
761 1773 802 1838 ab
816 1772 913 1838 unda.

155 1885 217 1944 355
244 1878 352 1956 Quam
361 1879 455 1964 juxta
471 1867 593 1944 Lethea
604 1879 718 1945 tacitus
732 1879 919 1965 praelabitur
931 1877 1034 1944 amnis

243 1983 390 2061 Infemis,
407 1995 443 2049 ut
457 1983 551 2060 sarna,
568 1983 696 2048 trahens
711 1984 826 2049 oblivia
841 1984 943 2048 venis:
1087 1975 1092 1986 ’

242 2089 349 2174 Atque
363 2087 491 2172 insopiti
507 2088 671 2172 quondam
687 2087 786 2152 tutela
800 2086 956 2164 draconis,

241 2190 459 2277 Hesperidum
472 2212 595 2277 pauper
610 2191 749 2276 spoliatis
763 2189 930 2256 frondibus
942 2191 1062 2256 hortus.

242 2295 385 2374 lnvidus,
402 2317 523 2361 annoso
536 2295 652 2360 lamam
667 2296 724 2383 qui
740 2294 873 2383 derogat
888 2319 968 2374 aevo,

158 2410 225 2468 360
248 2401 316 2480 Qui
329 2413 414 2466 vates
428 2401 471 2468 ad
486 2423 560 2466 vera
574 2413 675 2466 vocat.
702 2399 761 2465 fuit
775 2422 872 2466 aurea
886 2400 972 2472 silva,

200 2547 201 2555 .
241 2508 434 2593 Divitiisque
450 2529 574 2595 graves,
590 2517 621 2572 et
632 2505 718 2571 fulvo
731 2506 877 2594 germine
890 2506 981 2583 rami,

244 2612 479 2700 Virgineusque
493 2611 610 2676 chorus
624 2611 717 2676 nitidi
726 2611 869 2677 custodia
877 2611 951 2689 luci,

243 2717 289 2784 Et
302 2737 467 2802 nunquam
483 2737 596 2780 somno
610 2715 778 2780 damnatus
792 2716 912 2780 lumina
927 2737 1065 2801 serpens,
1107 2751 1113 2762 .

244 2820 376 2886 Robora
391 2819 575 2905 oomplexus
587 2819 681 2885 rutilo
698 2832 826 2886 curvata
841 2820 977 2886 metallo.

151 2934 219 2994 365
245 2924 387 2991 Abstulit
408 2924 574 2990 arboribus
588 2925 738 3012 pretium,
753 2927 938 3014 nemorique
952 2925 1093 2992 laborem

241 3030 381 3097 Alcides:
405 3051 575 3116 passusque
589 3031 699 3117 inopes
714 3031 782 3096 sine
795 3032 939 3117 pondere
952 3053 1058 3097 ramos

244 3139 380 3206 Rettulit
395 3137 549 3230 Argolico
563 3139 719 3228 fulgentia
735 3163 832 3227 poma
846 3154 992 3230 tyranno.

243 3245 309 3310 His
323 3245 421 3334 igitur
435 3243 568 3329 depulsa
581 3244 668 3322 loeis,
686 3244 847 3331 ejectaque
866 3247 970 3312 classis

242 3349 400 3436 Syrtibus,
415 3348 503 3416 haud
518 3348 602 3416 ultra
619 3347 867 3415 Garamantidas
882 3350 988 3439 attigit
998 3350 1112 3418 undas:

117 3551 207 3609 idest,
220 3519 367 3613 intelmmpi
383 3567 450 3601 mare
462 3568 513 3600 non
524 3551 691 3610 maledicitur,
758 3555 815 3600 538.
842 3553 911 3600 ittae
933 3554 1009 3614 magis
1026 3553 1153 3614 impactam
1177 3552 1280 3599 bremim

116 3629 200 3680 illatis
212 3643 246 3680 eo
266 3645 394 3679 arenarum
406 3631 541 3694 aggeribus,
558 3646 619 3694 quos
634 3631 691 3693 poe-
725 3638 915 3694 muratamque
925 3628 1002 3697 aoevit]
1014 3627 1196 3691 Manuseriptua
1206 3633 1279 3692 Soepa.

113 3708 168 3758 ties
187 3709 267 3757 littus
276 3717 352 3766 voest,
368 3708 426 3773 quia
442 3705 547 3757 tristare
556 3710 691 3758 veniebant.
723 3708 795 3757 Forte
812 3707 949 3771 legendum,

118 3786 244 3837 Grotius.

151 3869 218 3916 aaa.
237 3865 396 3914 aasentias
407 3833 482 3914 aare
497 3866 555 3914 aser
566 3865 688 3913 comeare
745 3839 1287 3890 mememmmmmmm,

773 3899 953 3950 raguaLAEDAT

268 3943 358 3992 ”illvm
750 3959 819 4000 obvia
827 3970 957 4010 oomurgem.

231 4021 343 4087 AEstua]
366 4021 423 4071 MS.
434 4023 464 4077 Ρ.
475 4024 564 4080 melius
575 4039 581 4072 :

143 4124 249 4164 Abstulit
257 4124 360 4172 babber.
367 4129 432 4170 veum
439 4127 643 4190 mnfflvolvm
725 4076 827 4124 Breuem
837 4091 911 4132 mare,
923 4073 1040 4126 redonam,

196 4212 204 4226 .
339 4213 345 4225 .
615 4211 621 4224 .
675 4210 681 4223 Ι
758 4158 816 4204 ³49.
841 4156 920 4202 Audit
942 4165 1035 4206 matera
1053 4161 1196 4222 perflantem
1219 4175 1285 4207 mar·
1332 4205 1337 4217 .

124 4211 248 4302 fo‘lm·
282 4213 465 4303 Elfflfi'wdlteg
486 4219 567 4292 nomi
578 4225 691 4266 mum·
724 4246 794 4280 mara
815 4231 924 4296 sonaim]
957 4232 1014 4283 Nic.
1047 4235 1165 4285 Heinsius
1190 4234 1288 4298 oorrigit

121 4289 200 4338 ond·
219 4288 324 4338 ΜΝ·
333 4306 377 4338 '¹¹¹¹
387 4299 444 4372 471,
725 4311 856 4362 Marmora.
874 4309 1027 4364 Nonaudio.
1055 4315 1133 4372 Quale
1141 4317 1207 4363 eninr
1217 4320 1288 4372 esset,

727 4390 819 4441 Pontus
830 4389 902 4440 audit
922 4391 1065 4452 perflantem
1076 4392 1196 4444 Marmara
1213 4390 1239 4440 id
1249 4397 1291 4444 est.

368 4388 379 4420 u

145 4384 677 4582 Wfflfflglzgssfffflmmh
721 4473 845 4528 matum?
866 4470 979 4534 Repnne,

682 4565 743 4614 al)
