2984 5022
218 379 290 441 358
477 363 535 439 M.
579 361 784 442 ANNAEI
827 361 1058 440 LUCANI

326 537 518 643 frustrarunt
533 579 653 644 cervice
668 578 773 655 duces,
790 577 844 642 ubi
859 577 989 641 nomina
1003 587 1093 640 tanta

328 680 446 747 Obruit
462 679 652 766 Euphrates,
668 697 700 747 et
715 695 822 746 nostra
838 681 992 746 cadavera
1007 679 1115 768 Tigris

326 785 453 852 Detulit
468 787 502 848 in
517 798 625 864 terras,
649 809 686 851 ac
700 785 847 852 reddidit.
877 785 923 850 ire
937 807 995 870 per
1008 785 1070 849 ista

237 901 302 957 440
325 891 358 958 Si
374 903 472 977 potes,
492 893 526 955 in
540 892 645 958 media
660 915 801 958 socerum
817 915 951 979 quoque,
974 891 1106 980 Magne,
1123 892 1290 962 sedentem

326 996 490 1063 'Ilressalia
504 997 629 1082 placare
644 1009 742 1084 potes.
773 998 849 1084 quin
865 997 992 1082 respicis
1006 998 1116 1062 orbem

328 1099 536 1168 Romanum?
553 1104 577 1167 si
594 1127 692 1193 regne
706 1105 796 1168 times
810 1104 950 1189 projecta
965 1103 1023 1168 sub
1039 1104 1169 1182 Austro,

327 1206 532 1295 Infidumque
546 1209 673 1287 Jubam,
689 1209 825 1294 petimus
841 1208 971 1273 Pharon
986 1231 1121 1296 arvaque
1132 1209 1227 1298 Lagi.
1313 1259 1317 1264 .

327 1312 472 1400 Syrtibus
485 1312 561 1376 hinc
577 1313 705 1400 Libycis
720 1325 787 1378 tute
801 1329 848 1379 est
862 1313 1036 1403 AEgyptus:
1058 1314 1179 1380 atinde

239 1429 301 1486 445
325 1419 463 1508 Gurgite
478 1407 607 1507 septeno
621 1419 850 1506 rapidusrnare
864 1431 1040 1486 summovet
1054 1421 1171 1485 amuis:

330 1525 434 1592 Terra
449 1527 511 1591 suis
524 1533 674 1592 contenta
688 1525 789 1603 bonis,
810 1549 876 1591 non
891 1526 1000 1615 indiga
1014 1515 1137 1605 mercid,

329 1632 397 1698 Aut
412 1632 510 1711 Jovis,
532 1632 565 1696 in
581 1631 648 1696 solo
662 1641 750 1696 tenta
765 1643 811 1696 est
826 1631 943 1698 fiducia
959 1632 1043 1697 Nilo.

334 1739 466 1822 Sceptra
477 1759 557 1823 puer
574 1735 763 1801 Ptolemaeus
777 1735 874 1801 habet
889 1737 946 1801 tibi
960 1736 1076 1814 debita,
1093 1735 1232 1826 Magne,

331 1841 457 1906 Tutelae
473 1842 639 1907 commissa
654 1853 727 1906 tuae.
758 1843 828 1928 quis
842 1843 978 1906 nominis
993 1843 1139 1908 umbram

242 1953 307 2014 450
332 1944 499 2012 Horreat?
519 1947 655 2010 innocua
670 1958 717 2011 est
731 1959 827 2011 aetas:
849 1970 889 2012 ne
898 1949 983 2033 jura,
1007 1947 1173 2035 fidemque,

217 2069 220 2077 ’
331 2053 587 2144 Respectumque
600 2051 706 2117 Deum
722 2053 833 2117 veteris
848 2054 1019 2139 speraveris
1033 2053 1125 2118 aulae.

330 2157 387 2223 Nil
401 2156 500 2242 pudet
514 2170 652 2222 assuetos
667 2158 812 2244 sceptris:
833 2158 995 2223 mitissima
1010 2181 1075 2227 sors
1090 2171 1136 2225 est

329 2263 516 2352 Regnorum
532 2263 590 2328 sub
605 2285 680 2352 rege
694 2285 787 2328 nove.
820 2262 894 2328 Non
906 2263 1000 2348 plura
1013 2264 1134 2330 locutus

328 2369 460 2455 Impulit
474 2369 537 2435 huc
552 2370 683 2434 animos.
715 2381 867 2456 quantum
884 2393 953 2454 spes
968 2369 1077 2435 ultima
1092 2392 1196 2436 rerum

242 2481 307 2540 455
330 2474 500 2540 Libertatis
515 2473 631 2540 habet!
655 2475 736 2545 victa
750 2487 796 2539 est
812 2475 966 2540 sententia
982 2475 1110 2565 Magni.

374 2580 469 2644 Tunc
485 2579 619 2644 Cilicum
635 2580 755 2666 liquere
769 2578 880 2658 solum,
906 2581 1076 2668 Cyproque
1091 2581 1199 2647 citatas

330 2686 494 2751 Immisere
509 2697 601 2765 rates,
623 2685 725 2752 nullas
740 2686 791 2750 cui
802 2685 943 2772 praetulit
957 2710 1027 2752 aras

333 2791 441 2858 Undae
450 2791 523 2858 diva
538 2813 660 2857 memor
678 2789 820 2884 Paphiae,
840 2793 866 2856 si
881 2793 1013 2858 numina
1027 2794 1113 2859 nasci

333 2901 510 2978 Credimus,
531 2913 587 2965 aut
601 2921 781 2986 quenquam
795 2898 841 2964 fas
855 2911 902 2965 est
921 2901 1050 2986 coepisse
1064 2901 1221 2968 Deorum.

246 3113 374 3152 -hure
383 3110 593 3161 quuntmreperauo
600 3113 737 3162 uectum
908 3106 1090 3168 Respectumque
1101 3105 1179 3153 Deum
1191 3107 1275 3156 mnis
1284 3121 1365 3169 spem

250 3175 339 3224 Μ’*
808 3183 1287 3250 miseere.]1umaluimuequmee
1306 3185 1364 3236 Seu-

256 3271 312 3315 42⁸.
328 3289 395 3303 ·-—
414 3257 548 3331 Thessalia]
564 3261 622 3312 Non
643 3266 777 3314 Tteeenlr'oe.
809 3281 851 3313 sus
861 3273 913 3312 est:
930 3264 1045 3328 regnandi
1056 3262 1367 3312 veteribusheudtutoere·

224 3346 301 3395 Deest
317 3350 344 3393 in
364 3342 507 3405 praepositio.
543 3343 649 3393 Grotius.
672 3343 777 3393 Omnes
810 3343 851 3392 dir
869 3342 980 3392 meliores
991 3357 1116 3406 essereges
1121 3342 1229 3405 juvenes.
1258 3341 1367 3390 Grotius.

223 3423 298 3474 nostri
307 3421 407 3478 codices,
422 3423 550 3471 Thessalia.
841 3426 898 3471 454.
908 3447 974 3460 -
989 3417 1111 3475 Quantum
1118 3435 1169 3482 sper
1179 3419 1264 3466 ultimo
1273 3435 1353 3468 mn

258 3505 314 3550 442.
329 3503 434 3550 ——si
450 3515 523 3562 reguo
541 3501 609 3548 times
622 3498 725 3564 prqieete
737 3499 778 3547 sul>
908 3501 1037 3549 Libertatis
1055 3497 1157 3564 talen]
1173 3496 1241 3553 Quid
1259 3506 1297 3546 est
1315 3499 1367 3566 sper

224 3581 333 3646 Assera]
354 3578 406 3627 Alii
417 3577 511 3626 codices
523 3581 642 3626 Proteum.
678 3577 779 3639 Repone
797 3607 798 3612 =
810 3579 895 3628 ulte'ma
905 3577 1005 3626 renem!
1022 3576 1105 3625 Codex
1116 3575 1261 3624 Bersmenm
1271 3573 1367 3630 SORS.

224 3657 428 3710 Ponuucrn.
463 3655 550 3702 Horat
569 3651 650 3703 Carsu.
660 3655 690 3704 ir.
702 3659 740 3732 157
751 3669 776 3738 sq
811 3656 905 3706 etalter
916 3654 1056 3710 Pulmenui,
1075 3653 1205 3702 HABES.
1223 3653 1350 3717 'Repoue¹

271 3757 582 3865 {munuum
834 3745 1250 3848 mmmm·

272 3877 541 3929 ⁸⁰¹l¹⁸b³⁶⁹⁰¹¹⁰⁰ffl
812 3893 863 3944 Ubi
873 3911 922 3944 core
930 3897 1067 3949 ultimant,
1078 3891 1192 3942 ubiuilril
1203 3890 1368 3956 pejutineu·

228 3973 277 4022 Vel
812 3972 871 4023 dum
888 3983 966 4032 restet,
984 3973 1058 4022 libere
1074 3981 1099 4022 et
1108 3971 1284 4020 mutumdoer
1294 3978 1371 4035 egunt

275 4063 504 4114 ——etrmpen
812 4052 983 4117 etloquuutur·
1008 4049 1091 4106 ,ona
1107 4049 1297 4100 Meuium.

271 4123 371 4166 *Pofloetfl
379 4125 473 4173 Malum
479 4123 569 4164 &Em
836 4159 956 4177 unu-
963 4150 1013 4180 m
1018 4139 1071 4180 dum
1077 4139 1147 4189 pepon
1153 4139 1262 4185 mm.

186 4273 189 4276 ,
248 4263 254 4274 ,
266 4182 553 4272 ,εοῃῗαάωωωω
609 4219 612 4227 ⁴
814 4216 860 4266 Eat
868 4218 894 4264 r‘n
903 4223 955 4266 uota
963 4218 1042 4264 lucer:
1063 4229 1113 4261 sors
1122 4222 1205 4262 eutem
1216 4213 1257 4262 ubi
1266 4211 1372 4273 posim

230 4261 330 4312 s¹l¹¹¹⁸l
349 4266 401 4309 ¹³⁰⁶
813 4307 911 4352 rerum3
926 4294 1079 4354 Sebpedr'bue
1094 4292 1166 4340 rimor
1182 4300 1223 4348 eet,
1241 4305 1372 4354 aarum

250 4361 621 4414 Hell‘fflffllu'lmmfflbffl·
814 4367 905 4422 amnia
917 4374 1039 4420 melorum.
1130 4369 1133 4374 ’

259 4454 316 4500 450.
327 4473 425 4534 Τ·-
434 4445 682 4511 Μᾰιινωῖᾱωψσ.
846 4455 904 4502 458.
925 4452 1000 4500 Uada
1010 4452 1066 4502 eive
1075 4465 1162 4502 memor
1174 4445 1375 4515 replendum
