2984 5022
167 336 241 401 444
456 321 514 398 M.
540 319 747 400 ¹ANNAEI
772 321 998 400 LUCANI

280 533 436 614 Turbine,
452 527 518 601 nbn
532 535 595 602 alio
610 547 700 602 motu
713 557 771 624 per
785 547 869 603 tecta
882 535 1032 615 cucurrit,

210 663 216 682 ν’
280 641 388 719 Quam
402 639 479 706 solet
493 639 624 706 aetheno
638 641 756 728 lampas
770 641 939 708 decurrere
953 640 1052 721 sulco,

278 743 479 832 Materiaque
493 767 614 826 carens,
630 758 724 836 atque
739 745 851 812 ardens
869 745 941 812 aiire
955 745 1033 812 solo.

226 859 229 864 '
325 849 384 917 Illa
397 850 464 918 lues
478 851 583 916 clausa
596 849 727 937 paulum
740 851 898 916 revocavit
911 850 952 916 ab
969 849 1041 917 aula

59 943 60 948 ἵ
194 963 258 1022 505
281 958 381 1026 Urbis
394 959 429 1024 in
442 958 594 1026 auxilium
608 959 751 1046 populos.
766 981 826 1024 nec
841 969 985 1045 tempora
996 958 1095 1025 cladis

281 1062 424 1130 Perdidit
438 1065 472 1129 in
486 1079 624 1143 somnos,
640 1065 696 1130 sed
710 1086 796 1130 caeca
810 1074 905 1129 nocte
920 1063 1035 1128 carinis

283 1167 406 1234 Insiluit
422 1169 542 1248 Caesar,
557 1189 681 1256 semper
695 1167 826 1234 feliciter
841 1191 914 1234 usus
946 1183 952 1196 '·
1005 1197 1007 1204 ·
1036 1191 1041 1200 ·
1084 1191 1087 1196 ·

283 1269 445 1356 Praecipiti
460 1269 734 1352 cursu-bellorum,
750 1284 782 1338 et
796 1283 939 1356 tempore
951 1281 1052 1356 rapto.

279 1373 375 1442 Tunc
389 1375 559 1444 claustrum
571 1375 675 1466 pelagi
691 1376 774 1462 oepit
789 1373 929 1441 Pharon.
943 1374 1046 1442 insula
1059 1374 1219 1462 quondam

195 1485 259 1544 510
282 1479 443 1546 Inmodio
458 1473 1032 1566 stetitillamari,sub'temporcvatis
1183 1487 1189 1494 '

284 1584 435 1651 Proteos:
452 1597 485 1652 at
499 1609 584 1654 nunc
599 1598 645 1652 est
661 1584 783 1652 Pellaeis
796 1584 943 1671 proxima
957 1585 1067 1666 muns:

280 1690 342 1756 Illa
355 1689 429 1777 duci
441 1692 584 1780 geminos
598 1689 914 1776 bellorum-praestitit
928 1713 1024 1756 usus:

280 1794 420 1861 Abstulit
435 1817 584 1863 excursus
596 1809 628 1862 et
643 1795 747 1862 lauces
760 1796 897 1883 aequoris
911 1795 994 1862 hosti
1002 1822 1013 1874 3

285 1899 419 1966 Caesaris
434 1900 558 1966 auxiliis
572 1899 676 1966 aditus
689 1913 721 1966 et
735 1900 835 1966 libera
848 1901 939 1986 ponti
1060 1936 1062 1940 v

196 2010 258 2070 515
283 2003 375 2070 Ostia
387 2005 537 2094 permisit.
552 2027 611 2072 nec
625 2027 736 2092 poenas
749 2005 825 2072 inde
840 2004 971 2072 Pothini
1004 2093 1006 2096 Ι

282 2109 415 2175 Distulit
428 2109 574 2176 :dtariusz
591 2110 647 2176 sed
662 2133 728 2177 non
744 2133 808 2198 qua
822 2109 932 2176 debuit
946 2111 1005 2188 ira,

283 2213 479 2302 Noncruoa,
490 2237 561 2282 'nou
570 2215 719 2295 dammis,
734 2214 849 2281 rabido
863 2213 1039 2282 uendente
1053 2214 1208 2282 ferarum:

286 2317 365 2384 Heu
378 2318 508 2398 facinus,
524 2321 631 2386 cervix
645 2304 753 2410 gladio
767 2320 850 2386 male
864 2342 946 2386 cassa
960 2320 1125 2408 pependit:

290 2423 405 2514 Magni
419 2437 522 2492 morte
536 2425 627 2514 perit.
643 2437 769 2492 necnon
783 2426 937 2511 subrepta¹
944 2425 1062 2513 paratis
1222 2410 1224 2420 ’

200 2543 264 2602 520
287 2538 318 2602 A
332 2535 450 2602 famulo
465 2537 653 2626 Ganymede
667 2537 749 2603 dolis
763 2536 963 2624 pervenitad
978 2531 1080 2612 hastas
1108 2561 1111 2566 ·

287 2640 421 2708 caesaris
435 2642 589 2710 Arsino‘e':
604 2665 677 2728 quae
691 2653 793 2708 castra
805 2641 945 2708 carentia
957 2658 1042 2730 rage'

289 2745 338 2812 Ut
350 2735 454 2831 proles
469 2747 578 2836 Lagea
590 2751 688 2826 tenet,
703 2746 916 2834 famulumque
931 2746 1076 2832 Tyranni

291 2850 482 2929 Terribilem
490 2853 578 2939 justo
592 2851 744 2942 transegit
754 2849 904 2918 'Achillea
916 2851 1010 2916 ferro.

289 2954 409 3032 Altera,
427 2954 560 3043 Magne,
576 2956 638 3022 tuis
645 2958 716 3042 *jam
729 2956 857 3022 victima
871 2956 1004 3020 mittitur
1018 2943 1147 3020 umbris.

88 3069 89 3073 ’
199 3063 261 3124 525
285 3057 355 3123 Nec
369 3057 442 3122 satis
456 3058 517 3122 hoc
532 3059 675 3125 Fortuna
689 3071 789 3145 putat
804 3058 914 3146 procul
928 3058 1019 3136 absit,
1033 3068 1071 3140 ut
1082 3059 1143 3126 ista
1192 3129 1199 3141 ⁸

287 3149 447 3228 Vindicta
456 3162 501 3226 sit
515 3183 639 3230 summa
652 3173 726 3234 tuae.
741 3185 808 3232 non
823 3164 889 3250 ipse
904 3174 1057 3250 tyrannus

291 3267 413 3334 Sufficit
427 3267 461 3332 in
475 3289 596 3353 poenas,
610 3288 677 3334 non
693 3269 795 3335 omnis
810 3270 897 3358 regia
913 3267 1005 3358 Lagi.
1070 3277 1073 3286 “

292 3371 383 3440 Dum
397 3371 492 3458 patrii
506 3373 633 3440 veniant
644 3374 679 3440 in
690 3374 812 3442 nucero
823 3373 1075 3452 ›casarisensea

292 3477 434 3568 Magnus
448 3478 564 3546 inultus
578 3481 648 3546 erit.
664 3479 719 3546 sed
735 3502 800 3546 non
816 3492 945 3546 auctore
957 3477 1073 3548 furoris

208 3591 271 3650 530
297 3582 429 3650 Sublato
444 3583 557 3650 cecidit
570 3584 690 3652 rabies:
704 3607 780 3652 nam
794 3606 901 3652 rursus
911 3584 945 3650 in
960 3605 1049 3650 arma

294 3689 451 3774 Auspiciis
465 3688 662 3777 Ganymedis
672 3701 770 3756 eunt:
786 3710 823 3756 ac
838 3688 937 3756 multa
951 3687 1089 3756 secundo

182 3785 186 3791 ’
294 3792 410 3864 Praelia
424 3804 523 3867 marta
536 3803 661 3884 gerunt.
678 3795 781 3881 potuit
795 3793 975 3862 discrimine
990 3813 1113 3860 summo

294 3898 429 3965 Caesaris
443 3921 507 3965 una
520 3898 587 3966 dies
600 3900 634 3966 in
646 3899 775 3980 lamam,
791 3912 824 3968 et
837 3899 942 3966 secula
956 3898 1047 3965 mitti.
1081 3915 1084 3922 ’
1176 3891 1178 3900 Χ

339 4001 439 4068 Molis
453 4003 487 4068 in
502 4003 628 4093 exiguae
641 4005 744 4091 spatio
758 4005 944 4092 stipantibus
957 4003 1062 4081 armis,

211 4113 273 4172 535
297 4105 387 4172 Dum
400 4120 493 4194 parat
501 4109 537 4180 in
552 4131 665 4177 vacuas
677 4122 812 4182 martem
823 4109 995 4194 transferre
1004 4107 1128 4182 canusa
1146 4148 1150 4154 ι

187 4307 288 4358 nonna
302 4305 438 4372 legentum
448 4317 571 4370 ponuntur
588 4309 740 4362 moeonas
795 4309 1085 4370 araruaaatgemtm
1091 4297 1199 4356 neuma
1207 4297 1325 4364 uantur

186 4393 212 4436 0²
225 4384 329 4447 swina
346 4400 401 4450 quae
425 4393 449 4436 et
468 4401 498 4436 ex
512 4387 582 4440 Liria
598 4390 639 4444 bic
659 4390 739 4456 posu:
770 4389 859 4456 naute]
879 4377 1322 4452 andsandoboclocoaerrinntqun

187 4463 330 4515 Scholiasta:
346 4464 402 4516 Ms.
425 4463 531 4520 Grotius.
769 4455 1320 4534 aunrapudsmbonemdel’nm·erotius

1239 4824 1350 4853 ..12-
