2900 4902
204 326 276 392 nne
505 321 1077 410 M..ANNAE1.LUCAN1

309 531 460 620 Undique
473 537 638 624 completis
651 493 830 606 clamerunt
844 543 1004 611 montibus
1017 565 1142 638 agmen.
1210 587 1213 592 ·

310 637 483 726 Obstupuit
495 641 564 708 dux
577 644 644 729 ipse
658 644 760 723 durni,
776 646 977 734 perituraque
990 652 1091 718 turbs.

308 741 385 809 Non
399 745 502 812 timidi
515 747 634 833 petiere
647 747 764 838 fugam,
780 771 846 816 non
860 751 971 837 praeliu
983 753 1093 820 fortes:

221 848 284 910 750
307 844 436 934 Quippe
450 850 504 914 ubi
518 872 585 916 non
596 853 723 938 sonipes
737 865 842 920 motus
857 855 1004 944 clangore
1017 859 1163 928 tuborum

309 954 395 1020 saxa
414 957 515 1042 quatit
524 957 628 1043 pulsu,
642 959 762 1048 rigidos
777 963 924 1026 vexantia
937 962 1052 1033 firenos

306 1058 375 1124 Ora
389 1071 501 1142 terens,
518 1064 697 1152 spargitque
706 1066 811 1150 jubas,
829 1079 861 1132 et
875 1069 1002 1156 surrigit
1015 1093 1115 1150 aures,

304 1163 494 1254 Incertoque
507 1167 626 1254 pedum
640 1182 764 1257 pugnat
777 1191 842 1236 non
857 1183 940 1238 stare
954 1173 1101 1242 tumultu·

194 1315 197 1324 ·
305 1269 398 1336 Fessa
408 1274 493 1358 jacet
506 1274 622 1339 cervix.
644 1273 767 1341 firmant
781 1276 947 1344 sudoribus
959 1278 1055 1344 armi:

218 1377 281 1440 755
305 1375 434 1464 Oraque
447 1379 587 1466 projecta
601 1379 743 1467 squalent
756 1382 877 1448 mentio
889 1372 1019 1470 lingua:

304 1481 438 1548 Pectora
452 1505 547 1550 renea
560 1498 701 1574 gemunt,
717 1509 789 1574 quac
803 1488 912 1553 creber
926 1487 1081 1556 anhelitus
1095 1501 1201 1580 urget:

302 1585 347 1652 Et
360 1586 482 1656 defecta
495 1591 600 1678 gravis
612 1590 709 1679 longe
722 1591 820 1658 trahit
833 1593 888 1658 ilie
900 1593 1025 1679 pulsus:

303 1692 456 1780 Siccaque
470 1695 647 1784 sanguineis
661 1696 798 1763 durescit
812 1719 924 1784 spuma
937 1691 1060 1785 lupatis.
1183 1737 1185 1741 ·

298 1789 434 1885 Jamque
444 1800 579 1888 gradum
593 1823 696 1889 neque
709 1802 899 1882 verberibus,
915 1804 1108 1891 stimulisque
1121 1801 1231 1884 coacti,

215 1908 279 1974 760
301 1908 382 1988 Nec,
399 1911 539 1998 quamvis
554 1912 670 1977 crebris
679 1914 759 1999 jussi
773 1914 955 1993 columbus,
971 1915 1101 1982 addunt.

283 2037 286 2042 ’
300 2013 492 2082 Vulneribus
506 2030 664 2108 coguntur
677 2020 759 2107 equi,
775 2041 834 2085 nec
848 2019 967 2107 profuit
981 2021 1035 2086 ulli

303 2118 492 2222 Cornipedis
504 2125 623 2210 rupisse
637 2147 758 2190 mores:
781 2137 883 2212 neque
898 2126 983 2200 euim
996 2125 1131 2211 impetus
1144 2125 1205 2193 illis

300 2226 511 2315 Incursusque
524 2227 595 2294 fuit:
617 2241 741 2294 tantum
756 2229 1098 2315 proferturadhostes,
1274 2232 1277 2240 ’

300 2331 345 2398 Et
359 2335 495 2420 spatium
504 2333 618 2419 jaculis
631 2333 739 2399 oblato
752 2334 879 2399 vulnere
893 2333 1001 2400 donat.

213 2440 276 2503 765
299 2437 346 2503 At
359 2460 457 2526 vagus
473 2435 585 2520 Apher
596 2458 693 2522 equos
708 2446 743 2500 ut
750 2423 892 2522 primum
905 2437 1007 2502 emisit
1020 2438 1054 2502 in
1068 2459 1194 2528 agmen:

300 2541 396 2606 Tunc
405 2540 514 2624 campi
529 2551 684 2606 tremuere
694 2561 790 2604 sono:
812 2551 957 2627 terreque
971 2542 1083 2622 soluta,

299 2645 449 2720 Quantus
464 2643 607 2709 Bistonio
624 2631 792 2731 torquetur
806 2644 931 2710 turbine
944 2646 1056 2734 pulvis,

298 2751 386 2816 A‘e'ru
401 2749 485 2814 nube
499 2771 555 2814 sua
565 2748 656 2828 texit,
666 2749 997 2836 xtranitqnetenebras.

300 2855 349 2922 Ut
359 2878 435 2920 vero
445 2855 480 2920 in
493 2855 614 2940 pedites
627 2854 727 2922 fatum
739 2855 918 2920 miserabile
931 2854 1005 2920 belli

210 2961 275 3026 770
297 2959 458 3024 Incubuit:
478 2957 569 3023 nullo
583 2959 672 3024 dubii
685 2960 865 3026 discrimine
878 2961 986 3026 martis

298 3063 462 3151 Ancipites
477 3075 629 3128 steterunt
642 3087 740 3143 casus,
756 3066 811 3130 sed
825 3078 969 3151 tempora
982 3087 1100 3157 pugna·

299 3169 392 3238 Mors
406 3169 517 3236 tenuit.
539 3171 740 3256 nequeenim
755 3171 842 3236 licuit
856 3179 1042 3257 procurrere
1055 3181 1176 3252 contra,

233 3364 255 3386 Χ
297 3277 343 3346 Et
356 3277 487 3344 miscere
500 3297 621 3342 marrus.
643 3277 688 3342 sic
703 3276 842 3366 undique
851 3290 939 3365 septa
948 3279 1096 3366 juventus

220 3487 275 3535 760.
292 3483 353 3540 Nec,
363 3483 468 3546 quumvis
479 3480 631 3545 mtrisjaur‘
641 3483 738 3532 colcari-
759 3481 837 3549 ferri.
861 3481 939 3532 Prara
949 3480 1199 3546 distinctioplerrsque
1207 3479 1317 3530 antone·

185 3562 245 3631 bus]
278 3562 351 3626 lege,
368 3561 521 3611 manno.
850 3559 1087 3625 truinterpunge·

219 3646 275 3694 769.
290 3665 357 3680 -—-·
376 3643 460 3704 Neque
481 3641 545 3689 enim
567 3641 665 3701 impetur
689 3641 737 3688 dlis
984 3656 1203 3706 mmmmm

281 3715 528 3786 Incanaquefio'rq]
553 3715 603 3764 Pro
620 3717 676 3764 letis
692 3715 736 3762 ati-
793 3717 1274 3768 senorumnmnopamraroponomran
1356 3761 1359 3779 ‚

184 3805 245 3864 quot
254 3796 349 3846 codices
358 3795 545 3866 habentJLLI.
570 3794 637 3858 Lege
655 3793 735 3843 ILLE
771 3794 842 3846 Prior
858 3802 933 3859 neget
946 3793 1084 3842 vulneribus
1102 3792 1235 3854 perituros;
1253 3787 1315 3854 quod

183 3875 353 3926 relILLUD.
387 3867 650 3938 virgnmuittlrt.
684 3875 737 3924 Nec
768 3869 1315 3931 l'alsurn50umeteomirrrtreterninurobrusn·

56 3994 59 4006 .
182 3951 665 4018 aqwtuuuerar.'Quiurt1.Dsclsm.in
677 3955 736 4002 Nost
767 3961 820 4002 turs
838 3950 958 3999 Posterior
968 3949 1077 4006 affirmet,
1097 3956 1121 3996 et
1139 3946 1277 3995 vulneribus
1293 3951 1317 3991 et

170 4029 302 4099 fldissud
313 4045 463 4093 pugnnmm
478 4032 547 4080 arba
581 4029 735 4093 Siceliipas-
766 4031 819 4093 ipso
831 4029 934 4080 telorum
945 4026 1050 4090 pondere
1067 4025 1193 4089 perituros.
1226 4023 1316 4072 omna

179 4109 234 4160 rim.
766 4108 889 4160 nostriAc
900 4111 1009 4170 pondere.

214 4187 269 4236 775.
293 4209 359 4224 --·
377 4185 436 4234 Non
453 4189 591 4244 trimitan,
616 4203 659 4238 nee
679 4204 734 4237 ran-
799 4192 854 4239 780.
871 4189 1038 4251 Deruuturqae
1045 4181 1148 4248 globus]
1183 4178 1248 4229 einr
1264 4177 1315 4226 Ser·

306 4263 472 4324 willermum
762 4265 815 4314 rias
831 4269 992 4330 donaturque.
1022 4263 1056 4312 Et
1075 4259 1110 4309 ait
1126 4257 1236 4308 similiter
1246 4254 1315 4316 scrip-

201 4329 205 4337 ’
278 4340 386 4392 renam
395 4334 592 4407 nimboperr't'trru,
603 4345 732 4408 errantem
763 4353 816 4396 tum
839 4342 954 4409 Virgilius
973 4343 1080 4392 Ettremi
1096 4339 1221 4388 addensent
1237 4335 1314 4391 aciemn
