2924 4986
379 276 881 380 aususausus.
917 304 1033 382 vm.
1188 277 1257 387 111
1342 386 1344 390 ,

228 517 395 602 Accedunt
408 517 532 607 palegu,
549 517 664 586 Phoebi
680 518 834 606 surgentis
850 518 890 583 ah
905 517 979 610 igue

226 626 298 693 Jam
308 629 450 713 propior,
465 650 561 714 quam
578 615 810 705 Pe1·sis,eram:
835 638 941 700 tamen
956 627 1064 696 omnia
1074 629 1202 699 vincens

134 740 206 796 230
230 732 370 800 Sustinui
384 732 498 798 nostris
513 755 568 796 vos
583 745 706 797 tantum
721 731 826 796 deesse
842 731 1019 818 triumphis,

232 835 386 923 Solusque
401 859 563 908 enumero
576 857 688 924 regum
703 835 820 900 telluris
836 833 927 915 Eoae,

228 940 281 1006 Ex
295 963 387 1027 oequo
403 963 453 1004 me
470 940 606 1036 Parthus
620 940 696 1004 adit.
725 962 784 1004 nec
799 962 929 1006 munere
946 941 1060 1031 Magni
1084 980 1087 988 ·
1110 979 1113 986 ,
1166 985 1169 992 -

231 1046 324 1111 Stant
339 1045 431 1108 semel
448 1045 619 1110 Arsacidae.
650 1045 719 1132 quis
733 1043 816 1109 enirn
832 1059 904 1130 post
919 1047 1049 1113 vulnera
1062 1049 1157 1116 cladis
1256 1131 1261 1140 .

229 1151 376 1239 Assyriae,
387 1151 487 1236 justas
504 1153 586 1218 Latii
602 1153 794 1236 compescuit
809 1151 894 1216 iras?
960 1229 962 1234 ,

133 1263 203 1320 235
225 1255 290 1321 Tot
303 1257 420 1334 meritis
430 1258 579 1322 obstricta
593 1257 779 1334 meis,‚nunc
795 1256 926 1322 Parthia
939 1261 1039 1344 ruptis

228 1359 375 1434 Excedat,
385 1361 527 1426 claustris
540 1362 667 1426 vetitam
684 1382 740 1444 per
756 1359 860 1424 secula
874 1362 985 1446 ripam,
1044 1433 1045 1436 Ἴ

228 1461 434 1552 Zeugmaque
446 1464 608 1530 Pellaeum.
636 1465 790 1550 Pompeio
804 1450 929 1548 uincite,
949 1466 1058 1534 Parthi
1070 1496 1082 1548 ς

227 1569 321 1634 Vinci
338 1571 443 1637 Roma
457 1569 550 1636 volet.
579 1589 686 1658 regem
701 1593 812 1655 parere
821 1570 947 1656 jubenti
987 1637 992 1646 ,

227 1675 338 1741 Ardua
352 1677 541 1764 nonpiguit,
557 1677 727 1762 positisque
741 1676 916 1764 insignibus
933 1679 1015 1744 aulae

134 1787 203 1844 240
227 1780 404 1869 Egreditur,
412 1781 519 1848 famuli
534 1793 640 1870 raptos
654 1781 784 1847 indutus
798 1784 940 1864 amictus.

227 1889 265 1956 In
281 1890 384 1970 dubiis
399 1906 500 1958 tutum
516 1905 563 1956 est
577 1893 704 1978 inopem
720 1890 867 1956 simulare
882 1904 1028 1978 tyranno.

228 1995 358 2072 Quanto
372 1998 469 2084 igitur
483 1997 594 2060 mundi
610 1997 745 2060 dominis
760 1997 898 2060 securius
913 2020 1017 2076 aevum

228 2099 331 2165 Verus
345 2123 464 2186 pauper
479 2099 563 2188 agit!
588 2100 716 2162 dimisso
730 2099 763 2162 in
775 2097 881 2164 littore
894 2123 982 2188 rege,
1071 2161 1075 2166 .

227 2206 300 2292 Ipse
313 2229 370 2292 pet·
385 2207 497 2272 lcariae
508 2183 660 2290 scophlos,
678 2204 904 2290 Ephesumque
918 2206 1107 2292 relinquens

138 2319 206 2377 ata
230 2311 273 2376 Et
287 2310 404 2396 placidi
415 2309 606 2396 Colophona
618 2309 723 2386 maris,
739 2309 918 2393 spumantia
931 2332 1039 2395 parvoe

219 2415 325 2498 ¹Radit
339 2437 417 2480 saxa
433 2415 533 2480 Sami:
560 2415 657 2502 spirat
671 2414 713 2478 de
727 2412 833 2478 littore
849 2413 919 2480 Coo

224 2522 314 2586 Aura
327 2521 444 2586 fluens:
468 2519 602 2587 Gnidon
616 2519 691 2586 inde
704 2519 795 2608 fugit,
820 2520 999 2608 claramque
1012 2521 1160 2611 relinquit

228 2625 302 2692 Sole
314 2625 465 2702 Rhodon,
481 2649 674 2714 magnosque
688 2627 774 2692 sinus
789 2625 1001 2692 Telmessidos
1015 2629 1111 2696 undae

227 2731 419 2817 Compensat
435 2729 540 2794 medio
553 2730 667 2818 pelagi.
699 2731 889 2818 Pamphylia
902 2733 1003 2818 puppi

135 2844 205 2903 250
227 2835 376 2902 Occurrit
387 2835 492 2900 tellus:
516 2857 575 2900 nec
586 2857 618 2899 se
633 2836 830 2901 committere
844 2837 942 2914 muris

226 2942 332 3006 Ausus
347 2941 451 3008 adhuc
465 2941 545 3019 ullis,
562 2954 595 3006 te
604 2942 754 3028 primum,
771 2963 868 3028 parva
884 2943 1036 3023 Phaselis,

227 3043 367 3134 Magnus
382 3047 458 3120 adit,
487 3069 562 3110 uam
578 3058 609 3111 te
624 3048 721 3134 metui
737 3059 821 3112 vetat
836 3048 941 3113 incola
951 3071 1052 3130 renue,

228 3149 464 3238 Exhaustaeque
479 3149 592 3216 domus
606 3151 752 3237 populis3
774 3153 938 3239 majorque
952 3156 1069 3220 carinae

125 3293 129 3304 ·
227 3255 333 3332 Quam
347 3269 403 3322 tua
417 3257 511 3322 turba
524 3255 592 3320 fuit.
619 3254 751 3320 tendens
765 3256 840 3320 hinc
851 3257 981 3322 carbasa
996 3281 1103 3325 rursus

136 3369 203 3428 255
226 3361 297 3427 Jam
314 3360 469 3440 Taurum,
489 3345 662 3448 Tauroque
676 3360 763 3424 videt
778 3361 935 3445 Dipsanta
948 3361 1122 3430 cadentem.

270 3466 423 3533 Crederet
436 3466 498 3532 hoc
515 3465 667 3556 Magnus,
681 3488 793 3552 pacem
807 3487 878 3529 cum
893 3468 1040 3551 praestitit
1054 3470 1147 3535 undis

225 3571 269 3636 Et
280 3571 343 3636 sibi
357 3569 559 3638 consultum?
582 3570 716 3636 Cilicum
733 3591 790 3654 per
803 3569 909 3634 littora
924 3583 1009 3636 tutus

224 3676 328 3742 Parva
342 3697 449 3762 puppe
463 3674 553 3764 fugit·
576 3675 806 3764 sequiturpars
824 3697 941 3764 magna
958 3676 1105 3748 Senatus,

111 3878 250 3932 Pliniuade
262 3878 369 3928 Parthis:
388 3883 428 3932 Ad
438 3881 669 3943 Semianimum,
702 3881 790 3928 bouem
806 3886 831 3926 et
847 3877 997 3940 Stephanum
1014 3877 1145 3942 1111111111.
1175 3877 1257 3929 Estiu

110 3976 165 4010 111111
174 3961 258 4025 quibua
273 3974 300 4007 er
314 3962 486 4021 equodegunt.
513 3957 619 4004 ,Etaute
639 3955 671 4004 da
703 3956 807 4006 confinio
820 3954 1032 4018 LyeiaeetCariae.
1062 3954 1168 4004 Grotius.

112 4037 219 4102 Scythis:
240 4039 368 4086 Multitudo
382 4039 520 4099 populorum
539 4037 670 4091 innantem,
736 4041 790 4086 249.
815 4037 951 4104 Compensat
969 4036 1046 4082 audio
1065 4035 1163 4100 pelagi]
1185 4034 1257 4086 Duas

110 4125 135 4163 et
151 4133 204 4182 quea
213 4133 268 4166 111111
282 4117 416 4165 Parthiam
428 4121 581 4181 aquodegut.
610 4113 672 4162 Gro-
703 4115 826 4162 hasvoces
841 4111 997 4175 sequentihus
1012 4112 1102 4162 ablatas
1120 4112 1259 4162 addidimus

110 4193 167 4242 tius.
705 4189 829 4254 prioribus
867 4189 931 4237 Sunt
946 4188 1013 4236 euim
1029 4191 1258 4254 opposita,medium

145 4277 280 4324 211-
298 4273 445 4326 Telmessidos
472 4272 672 4353 „fflvariant
701 4275 789 4336 pelugi,
804 4270 1013 4332 etusogm'sr'nus.
1049 4272 1154 4322 Grotius.

111 4364 162 4406 non
184 4349 245 4398 nihil
273 4351 347 4399 MSS.
376 4353 420 4402 Sed
437 4375 466 4422 ve
517 4375 572 4426 hac
594 4351 672 4404 lectio.
737 4353 869 4400 251.-
882 4349 917 4396 Te
929 4350 1125 4414 primumffluma
1138 4331 1261 4406 Phaselis]

108 4427 510 4544 Telmessusprbsapudl'linqu
525 4433 672 4522 apals-tra·
706 4432 803 4486 Phaseli
823 4434 929 4480 vocante
949 4441 1008 4476 casu
1036 4430 1092 4480 MS·
1119 4417 1148 4477 l'.
1169 4421 1263 4472 rectius.
