2900 4902
843 0 1037 50 amand
1093 0 1194 29 ἠ
1233 0 1243 13 ⁷
1356 21 1360 34 .

203 299 289 366 sset
406 393 407 398 Ν
506 287 564 370 M.
602 292 811 372 ANNAEI
852 295 1080 402 LUCANI

317 505 486 574 Chalcidos
501 505 663 587 Euboicae,
678 526 829 596 vane'spe
841 523 943 598 rupte,
958 517 1101 600 parabus.

316 612 395 679 Heu
410 611 548 690 demens,
564 609 689 678 nullum'
701 613 776 679 belli
789 614 904 682 sentire
917 617 1086 708 fragorem,

204 741 206 746 ·
314 717 381 784 Tot
395 717 506 782 mundi
520 718 656 783 caruisse
669 718 768 798 melis,
784 733 935 806 praestsre
948 724 1093 794 Deonun

229 830 292 913 230
314 821 460 908 Excepta
473 822 542 909 quis
560 821 670 889 Morte
683 823 801 910 potest!
827 839 945 893 secretu
959 831 1079 898 tenebis

312 928 445 994 Litteris
460 927 595 994 Euboici
609 929 816 995 memorando
830 932 957 998 condite
970 934 1075 1016 busto,
1106 939 1109 944 '

313 1033 389 1111 Qus
404 1033 498 1098 muris
511 1044 658 1122 angustet
671 1033 775 1100 fauces
789 1057 900 1102 saxosa
916 1038 1074 1126 Carystos,

313 1137 358 1204 Et
372 1137 501 1204 tumidis
515 1137 626 1203 infeste
640 1138 716 1204 colit
729 1161 792 1226 qus
805 1143 937 1208 numine
953 1145 1130 1230 Rhemum,

313 1243 463 1308 Arctatus
476 1243 589 1328 rapido
602 1243 701 1308 fervet
711 1253 779 1332 ¹(lua
791 1248 916 1334 gurgite
929 1262 1060 1334 pontus
1090 1275 1094 1284 ·

227 1357 290 1414 235
315 1349 515 1436 Euripusque
529 1349 636 1427 trehit,
648 1373 778 1416 cursum
792 1353 985 1420 mutantibus
997 1358 1105 1438 undis,

311 1453 509 1519 Chalcidicas
520 1475 644 1540 puppes
658 1454 699 1519 ad
710 1455 851 1542 iniquum
865 1457 1011 1526 classibus
1026 1462 1143 1531 Aulirn.

356 1559 481 1624 Interes
495 1559 623 1625 domitis
640 1560 748 1624 Csessr
761 1563 922 1628 remeabat
936 1565 1046 1645 Iberis,

312 1665 465 1732 Victrices
479 1665 599 1752 aquilas
612 1665 709 1730 elium
723 1665 844 1732 laturus
855 1668 891 1732 in
906 1670 1029 1736 orbem:

313 1772 397 1837 Cum
412 1792 512 1857 prope
525 1770 663 1836 satorum
677 1781 782 1836 tantos
794 1795 853 1858 per
865 1779 1017 1860 prospers
1030 1797 1139 1846 curun

135 1893 138 1898 ’
224 1885 289 1944 240
311 1877 465 1942 Avertere
478 1875 553 1942 Dei.
568 1874 658 1940 nullo
672 1889 862 1946 nammarte
876 1879 1023 1947 subactus

306 1983 399 2050 Intra
412 1993 584 2046 castrorum
600 1981 706 2046 timuit
718 1983 855 2048 tentoria
867 1983 982 2050 ductor

309 2088 452 2156 Perdere
463 2109 620 2153 successus
634 2087 799 2152 scelerumr
820 2109 892 2153 cum
907 2111 1000 2176 paene
1013 2091 1120 2160 fideles
1155 2117 1158 2132 ¹
1221 2133 1226 2142 ·

309 2195 374 2263 Per
387 2205 436 2258 tot
449 2193 530 2257 belle
543 2212 656 2258 munus
670 2193 791 2258 satiatoe
805 2195 957 2284 sunguine
970 2195 1099 2265 tandem

190 2385 195 2390 .
303 2299 485 2366 Destituere
499 2296 625 2362 ducemt
648 2295 702 2362 seu
716 2311 830 2363 moesto
843 2298 971 2365 classice
984 2301 1114 2386 paulum
1186 2323 1187 2328 ¹

219 2411 282 2472 245
304 2403 489 2471 Intermissa
503 2425 592 2480 sono,
607 2401 798 2488 claususque,
814 2413 846 2468 et
855 2402 987 2492 frigidus
1000 2406 1092 2486 ensis,

307 2508 486 2594 Expulerat
500 2506 573 2572 belli
586 2505 694 2571 finias:
718 2529 772 2571 seu
787 2508 918 2594 praemis
932 2507 1031 2576 miles.
1158 2553 1160 2558 -

306 2615 398 2682 Dum
412 2613 532 2699 majora
545 2609 636 2698 petit,
652 2611 784 2677 dsnrnut
796 2635 993 2702 censumque,
1008 2615 1194 2708 ducemque,

306 2709 482 2784 Et'scelere
495 2716 634 2783 imbutos
647 2716 742 2783 etism
756 2739 843 2783 nunc
856 2709 997 2786 venditet
1010 2743 1107 2788 enses.

306 2822 410 2890 Haud
421 2821 524 2911 'magis
538 2833 686 2908 expertus
699 2821 879 2904 discrimine
895 2823 1003 2890 Caesar
1015 2827 1050 2890 in
1064 2827 1132 2894 ullo
1145 2839 1201 2908 est,

134 2906 146 2944 ‘
199 2937 284 3004 ,250
307 2929 416 3006 Quem
428 2949 494 2992 non
509 2950 527 2992 e
541 2923 659 3006 stabili,'
671 2928 805 2994 tremulo
816 2929 871 2996 sed
885 2930 1020 2996 culmine
1034 2945 1149 2999 cuncte

305 3032 503 3118 Despiceret,
519 3043 675 3120 staretque
689 3055 782 3120 super
796 3033 964 3100 titubantia
976 3034 1081 3117 fultus,

307 3139 373 3206 Tot
387 3138 485 3224 raptis
498 3148 629 3203 truncus
642 3137 799 3218 manibus,
814 3139 984 3228 gladioque
997 3143 1125 3210 relictus
1139 3181 1143 3188 ·

194 3327 197 3336 ‚
307 3245 406 3339 Paene
420 3267 487 3324 suo,
503 3244 558 3332 qui
571 3253 620 3309 tot
633 3256 742 3334 gentes
756 3246 790 3318 in
804 3245 887 3312 belle
901 3246 1055 3328 trahebat,
1098 3321 1101 3342 ,

254 3431 261 3444 ss
307 3352 375 3419 Scit
388 3373 455 3422 non
469 3373 535 3416 esse
549 3350 637 3416 ducis
647 3352 783 3430 strictos,
798 3350 854 3417 sed
867 3351 983 3432 militis,
995 3377 1093 3420 enses.

219 3465 283 3526 255
305 3457 381 3523 Non
397 3455 546 3542 pavidum
558 3456 624 3542 jam
638 3477 783 3521 murmur
797 3468 876 3535 eret,
890 3478 950 3522 nec
964 3453 1093 3544 pectore
1105 3470 1190 3529 tecto

192 3637 194 3642 ,
307 3562 361 3630 Iro
374 3551 487 3654 lateus:
509 3583 585 3628 nam
600 3583 672 3649 quae
686 3560 798 3658 dubias
808 3563 1024 3652 constringere
1037 3577 1158 3634 mentes

190 3783 265 3850 ‘quior
286 3785 400 3834 Arium
415 3784 579 3846 negotiationis
595 3784 745 3850 proficiscere
809 3787 865 3832 261.
892 3783 1007 3848 ΕΜ
1027 3785 1140 3854 mnae]
1157 3786 1233 3853 Atqui
1251 3785 1313 3837 uer·

193 3868 322 3928 ——Ego
333 3868 535 3916 tumultuantes
545 3869 745 3915 commorandum.
777 3858 941 3912 ubhlncvmu
949 3879 1037 3915 rursus.
1059 3866 1314 3934 Animosquecffuadcrt

192 3944 263 3993 etsie
278 3943 341 4000 alibi,
363 3943 487 4008 sequentis
501 3945 609 4006 probent,
625 3945 746 3994 Subsidere
776 3941 837 3990 vilet·
881 3939 939 3992 Hoc
958 3944 1076 4005 posterius
1094 3953 1165 4002 reue,
1185 3953 1214 3996 ut
1238 3941 1314 4008 vugit

95 4023 101 4032 '
195 4023 377 4079 inlocainuia.
780 4017 1316 4086 Tucwunincmlsuuceffuudmdcctrc.En

187 4121 192 4130 ·
227 4105 370 4150 2541-
390 4102 496 4161 ertum
511 4103 551 4152 ssd
562 4104 652 4164 militis,
663 4103 746 4170 mres]
776 4109 809 4159 80
824 4096 1020 4158 priuauitiosum.
1052 4101 1122 4165 Lego
1137 4098 1316 4153 maenus

194 4177 274 4228 Enseu
284 4178 326 4241 qui
335 4176 493 4241 stringuntur,
508 4177 671 4230 ucecensis
680 4177 745 4230 mili.
777 4174 920 4225 ANIMIS.
936 4178 1023 4243 Virgil.
1034 4181 1152 4230 Εοσνκκ
1166 4180 1315 4243 ignoratur·

194 4265 249 4307 tum
260 4257 541 4321 pomcenoninms
574 4257 681 4310 Grotius.
777 4251 877 4308 Tacitus
888 4253 955 4305 Anu.
965 4255 1032 4310 2¹51.
1050 4252 1315 4321 emesenum·
