2928 4906
378 345 759 432 rnansamm
796 357 908 438 Lm.
940 303 1045 438 111.¹
1103 305 1106 312 ¹
1196 369 1264 442 147

237 558 371 638 Eruitur
384 569 503 660 templo
518 570 624 637 multis
638 571 773 671 intactru
784 519 829 638 ab
843 573 934 638 annis
993 606 996 612 2

238 683 377 749 Romani
391 704 501 748 census
515 683 634 770 populi,
650 706 744 770 quem
760 684 882 750 Punica
891 683 989 765 halla,
1093 739 1096 744 ,

236 795 343 872 Quem
358 794 488 860 dederat
504 795 623 875 Perses,
638 819 732 884 quem
746 797 821 864 victi
835 797 945 884 ponda
960 796 1115 884 Philippi:

237 900 418 979 Quodam,
437 902 552 980 Roma,
568 901 643 990 fuga
659 901 802 990 Pyrrhus
814 903 994 990 trepidante
1007 902 1142 992 reliquit,

158 1009 214 1069 160
235 1005 312 1082 Quo
325 1017 357 1070 te
373 1005 535 1073 Fabricius
549 1008 617 1096 regi
631 1029 698 1072 non
712 1008 855 1074 vendidit
867 1031 959 1087 auro,

233 1111 395 1200 Quicquid
411 1133 583 1198 parcorum
595 1133 699 1178 moros
713 1115 857 1178 servastis
871 1135 1016 1192 avorum,

223 1217 334 1294 ¹Quod
347 1216 428 1283 dites
444 1217 531 1284 Asiae
545 1218 656 1304 populi
669 1219 782 1283 misere
797 1219 965 1298 tributum,

232 1322 417 1409 Victorique
430 1321 519 1388 dedit
534 1323 663 1388 Minoia
679 1322 775 1388 Creta
790 1322 937 1402 Metello,

234 1423 332 1500 Quod
349 1425 431 1491 Cato
443 1425 617 1518 longinqua
630 1426 717 1494 vexit
729 1447 825 1512 super
838 1403 967 1514 aequoia
984 1426 1102 1514 Cypro.

155 1530 211 1591 165
235 1529 328 1610 Tunc
344 1521 484 1597 Orientis
498 1553 585 1618 opes,
600 1543 826 1619 captorumque
840 1533 953 1598 ultima
966 1553 1079 1622 regum

236 1642 319 1719 Quae
333 1643 536 1730 Pompeianis
549 1645 680 1731 praelata
694 1655 741 1710 est
754 1631 833 1736 gana
847 1644 1015 1730 triumphis

236 1747 398 1837 Egeritar:
422 1749 502 1816 tristi
516 1745 693 1837 spoliantur
707 1750 825 1837 templa
837 1750 965 1836 rapina3

237 1852 472 1942 Pauperiorque
486 1854 545 1922 fuit
560 1868 636 1922 tunc
650 1856 790 1942 primum
807 1855 933 1938 Caesare
949 1855 1064 1922 Roma.

280 1959 406 2024 Interea
419 1971 523 2027 totum
538 1947 656 2050 Magni
665 1960 796 2026 ¹fortuna
809 1983 868 2046 per
882 1960 994 2026 orbem

157 2064 216 2129 170
240 2064 352 2130 Secum
366 2087 492 2132 casuras
506 2066 540 2130 in
554 2065 666 2152 praelia
679 2077 821 2130 moverat
835 2065 938 2130 urbes.

196 2217 199 2222 -
239 2169 391 2234 Proxima
405 2170 511 2235 vicino
525 2165 605 2235 vires
619 2170 675 2236 dat
690 2169 819 2238 Graecia
827 2169 925 2235 hello.

235 2274 407 2341 Phocaicas
422 2273 593 2361 Amphissa
605 2297 728 2353 manus,
744 2273 970 2361 scopulosoque
986 2271 1122 2364 Cyrrha3

236 2379 469 2466 Pamassusque
477 2382 558 2469 jugo
572 2380 657 2445 misit
671 2365 977 2465 desertus'utrnqua.¹
1033 2441 1035 2446 .

235 2483 343 2562 Boeoti
355 2488 458 2550 coiere
472 2484 578 2582 duces,
595 2507 673 2572 quos
686 2484 823 2572 impiger
837 2483 937 2550 ambit

154 2592 211 2658 175
236 2591 379 2658 Fatidica
394 2591 561 2678 Cephissos
575 2613 668 2679 aqua,
686 2589 891 2677 Cadmeaque
904 2588 1014 2666 Dirce,

236 2696 408 2782 Piseeaeque
421 2717 543 2774 manus,
558 2695 745 2782 populisque
754 2715 817 2780 ¹per
831 2714 961 2780 aequora
974 2692 1100 2756 mittens

235 2799 367 2866 Sicaniis
381 2798 641 2886 Alpheusaquas.
687 2798 783 2865 Tunc
798 2796 940 2862 Moenala
953 2795 1045 2882 liquit

238 2905 350 3006 Arcas,
366 2916 398 2972 et
413 2902 608 2974 Herculeam
623 2904 711 2972 miles
726 2901 917 2969 Trachinius
933 2899 1045 2968 OEten.

161 3139 214 3186 172
231 3135 361 3184 Phoenicas
370 3133 493 3196 Amatam
501 3133 604 3199 orcam]
614 3136 676 3184 Pto·
709 3132 749 3182 Ex
759 3131 797 3180 his
807 3138 905 3192 apparet
916 3128 1024 3185 Politen,
1033 3141 1083 3176 non
1091 3125 1144 3178 loca
1151 3128 1209 3191 ipsa,
1220 3131 1263 3182 sad

131 3216 204 3264 caim
213 3226 229 3260 s
239 3214 340 3262 Ptocaeu
351 3210 428 3259 Ioniae
438 3212 497 3258 urba
505 3210 615 3260 *dusinus
627 3219 653 3260 nt
663 3227 679 3258 a
709 3209 818 3260 locorum
831 3209 932 3259 nomine
947 3205 1097 3264 confudisse3
1112 3206 1177 3270 quod
1193 3218 1262 3258 nota·

131 3292 230 3342 Placide
249 3289 314 3338 cirea
335 3288 482 3338 Parnassum
503 3288 607 3351 regione,
635 3289 678 3337 ubi
710 3289 769 3338 bant
781 3287 916 3336 Glareanus
926 3283 993 3339 olim.
1010 3293 1138 3348 posteaque
1149 3285 1262 3336 Salmasi.

131 3368 257 3432 Amphissa
266 3375 308 3424 est,
321 3368 437 3418 Pucino
447 3381 497 3416 aas
507 3359 597 3416 delinit.
627 3365 679 3416 Ite·
710 3381 746 3414 us.
779 3365 894 3414 Era-erem
908 3362 1010 3426 quidem
1026 3364 1092 3411 hunc
1107 3364 1262 3426 scripton'bus

130 3460 182 3496 turo
195 3445 283 3496 Noster
294 3459 316 3494 v.
331 3448 387 3494 144.
709 3441 803 3494 latinis
812 3439 1069 3491 communemvolunt.
1086 3439 1165 3491 sedin
1181 3458 1262 3503 prosa·

150 3545 240 3587 m
247 3532 349 3585 pm
356 3543 641 3595 mmmmm,
709 3519 830 3569 icisfacile
848 3527 883 3568 est
893 3519 920 3566 in
938 3517 1058 3566 librarios
1074 3518 1169 3579 culpam
1186 3529 1264 3568 trans·

711 3599 783 3648 ferrer
803 3600 930 3649 Lucanum
944 3614 1026 3647 versus
1041 3596 1086 3658 ipsi
1103 3597 1262 3660 redarguunt:

711 3695 756 3730 nec
769 3679 989 3730 Grammaticorum
997 3674 1264 3742 ferulasdetureffuge·

710 3773 744 3808 re.

131 3633 218 3696 idest,
235 3635 362 3684 Parnassia
378 3635 426 3684 sire
443 3637 552 3685 Phariae.
585 3634 680 3684 Rursus

133 3731 175 3778 pro
188 3719 289 3784 Plocoea
299 3714 407 3773 Phocida
418 3715 503 3776 posuit,
521 3713 555 3762 iii.
565 3717 622 3784 549.

153 3816 345 3868 ”mnam
358 3813 609 3884 “WHQW
747 3840 801 3886 176.
816 3859 915 3874 ——
937 3833 1079 3896 populisque
1096 3847 1142 3892 per
1168 3848 1263 3896 aequore
1299 3840 1302 3845 '

131 3905 680 3972 Dmiqraraausurpssverbummiitsor.
852 3913 947 3960 mittem

152 4005 642 4053 Pmmurotsnusssstsercaretuvsnua„
822 3985 1138 4051 sarmentorumque]
1151 3985 1264 4040 Meliores

131 4101 229 4147 2⁵⁶¹·
248 4110 259 4120 '⁴
313 4163 335 4212 .·
401 4201 406 4212 .
713 4146 834 4195 esaum
849 4146 933 4206 rapae
948 4145 1032 4193 arcana·
1050 4141 1170 4200 amatur,
1187 4146 1265 4206 prims

152 4202 418 4244 Pmfflmffimm‘
425 4199 596 4250 Quem·
713 4220 802 4286 syllaba
813 4230 933 4284 correpts3
949 4232 999 4270 non
1012 4218 1107 4268 Sicanii.

131 4288 164 4338 iii.
179 4294 235 4341 583.
747 4301 800 4351 177.
817 4323 882 4337 -
897 4301 966 4349 Tunc
977 4299 1082 4347 Menate
1098 4299 1168 4362 liquit

152 4391 581 4438 commemoraremus
823 4377 919 4446 Areua]
937 4379 1091 4432 colbertinus
1100 4386 1174 4427 vetus.
1199 4379 1263 4428 can-

713 4065 795 4127 aripti
811 4067 918 4128 Alprteos,
935 4074 963 4113 ut
974 4061 1046 4111 etiam
1057 4061 1122 4124 apud
1139 4063 1264 4117 Senecam.
